3567 5109
470 1435 863 1548 Instituenti
890 1482 1049 1548 mihi
1078 1505 1439 1549 sermonem
1460 1485 1910 1550 Pacuvianum
1930 1491 1998 1550 et
2016 1484 2386 1551 Accianum
2413 1491 2698 1552 tractare
2719 1488 2984 1571 saepius

254 1590 675 1671 quaestiones
722 1589 801 1656 de
850 1597 1063 1656 vetere
1122 1590 1383 1674 linguae
1430 1591 1713 1656 Latinae
1762 1589 2156 1657 'condicione
2212 1593 2585 1676 tangendae
2642 1601 2855 1674 erunt,
2907 1595 2982 1659 in

254 1696 494 1779 quibus
550 1696 877 1762 solvendis
929 1698 1063 1762 iam
1117 1698 1427 1781 permulti
1482 1697 1799 1782 philologi
1846 1699 2087 1782 insigni
2134 1699 2455 1779 doctrina,
2506 1701 2978 1785 circumspecto

250 1803 517 1883 iudicio,
566 1825 821 1869 summa
867 1805 1228 1887 sagacitate
1276 1806 1561 1890 praediti
1605 1807 1846 1888 partim
1885 1805 2132 1889 optimo
2172 1827 2318 1871 cum
2358 1806 2579 1872 fructu
2619 1807 2976 1874 desudave-
3059 1895 3063 1900 ,

252 1917 428 1990 runt,
475 1911 713 1994 partim
752 1911 967 1976 minus
1006 1933 1335 1996 prospere,
1384 1920 1459 1978 ut
1497 1913 1578 1978 de
1616 1911 1954 1978 nonnullis
1992 1913 2187 1978 rebus
2222 1914 2441 1978 adhuc
2481 1914 2600 1980 sub
2640 1914 2855 1980 iudice
2895 1913 2978 1980 lis

252 2017 356 2082 sit.
410 2015 632 2102 Quare
671 2039 821 2084 cum
854 2018 1036 2084 haud
1072 2021 1439 2103 ignorarem
1477 2021 1676 2085 tironi
1712 2020 1888 2084 huno
1925 2041 2156 2104 agrum
2195 2022 2630 2104 repastinanti
2666 2043 2978 2105 magnam

250 2143 385 2188 non
429 2125 615 2189 nasci
658 2125 811 2191 inde
857 2125 1153 2208 gloriam,
1200 2133 1425 2192 tamen
1468 2127 1524 2192 si
1568 2148 1704 2193 non
1748 2127 2072 2210 integram
2107 2148 2404 2204 messem,
2451 2134 2525 2193 at
2570 2127 2977 2212 spicilegium

249 2228 483 2296 saltem
547 2231 847 2298 relictum
909 2234 993 2297 iri
1058 2235 1333 2317 speravi,
1399 2235 1780 2318 praesertim
1846 2256 2013 2314 cum,
2080 2235 2195 2317 qui
2260 2234 2340 2300 de
2406 2234 2638 2300 eadem
2699 2235 2978 2302 materia

249 2343 543 2419 egerunt,
582 2338 846 2423 singula
881 2363 1181 2426 quaeque
1218 2363 1352 2408 non
1388 2347 1527 2406 tam
1565 2347 1874 2408 accurate
1913 2341 2351 2406 observavisse
2390 2341 2550 2406 mihi
2579 2341 2972 2422 viderentur,

247 2451 325 2508 ut
387 2466 611 2511 omnes
676 2449 993 2514 sermonis
1055 2449 1489 2533 proprietates
1544 2470 1677 2514 uno
1724 2448 1796 2514 in
1845 2454 2198 2532 conspectu
2244 2455 2705 2532 proponerent.
2801 2447 2976 2515 Sunt

246 2559 467 2618 autem
514 2551 610 2618 hi:
656 2553 768 2620 Fr.
799 2553 1170 2622 Guilelmus
1207 2556 1511 2635 Holtze,
1562 2579 1603 2620 a
1641 2577 1771 2641 quo
1815 2556 2134 2641 Syntaxis
2170 2556 2692 2640 fraymentorum
2724 2557 2972 2620 scaeni-

242 2681 471 2724 corum
507 2669 857 2746 poetarum
908 2663 1381 2746 Romanorum,
1447 2664 1566 2748 qui
1599 2669 1757 2748 post
1803 2663 2176 2727 Terentium
2217 2663 2511 2747 fuerunt,
2559 2663 2973 2728 adumbratio

254 2765 561 2832 confecta
624 2773 723 2832 est
784 2769 1077 2853 (Lipsiae
1130 2771 1350 2852 1882),
1407 2770 1753 2852 Augustus
1811 2767 2116 2848 Goette,
2185 2769 2300 2850 qui
2361 2769 2430 2833 in
2487 2775 2970 2851 programmate

246 2873 569 2954 gymnasii
644 2874 1035 2942 Rheinensis
1105 2898 1164 2942 a.
1226 2879 1395 2942 1892
1462 2877 1563 2941 De
1625 2878 1705 2941 L.
1762 2877 1956 2941 Accio
2020 2881 2082 2940 et
2140 2874 2242 2940 M.
2301 2875 2588 2940 Pacuvio
2652 2875 2974 2940 veteribus

245 2978 703 3046 Romanorum
728 2983 939 3067 poetis
978 2985 1241 3068 tra-qim&
1285 2984 1563 3067 scripsit,
1610 2981 1936 3065 Iosephus
1981 2981 2265 3060 Kubik,
2315 2982 2430 3063 qui
2465 2981 2534 3046 in
2573 2987 2970 3046 commenta-

244 3085 427 3148 tione
474 3085 573 3150 De
618 3087 712 3152 M.
770 3089 971 3154 Tullii
1004 3091 1328 3156 Ciceronis
1355 3097 1703 3176 poetarum
1737 3090 2138 3154 Latinorum
2173 3089 2412 3153 studiis
2451 3087 2652 3170 (Diss.
2680 3086 2971 3156 Vindob.

246 3190 287 3255 I
330 3193 715 3278 asa-348)
752 3215 833 3258 ex
870 3195 1157 3262 versibus
1193 3197 1587 3262 Pacuvianis
1634 3219 1675 3261 a
1702 3195 2019 3262 Cicerone
2067 3194 2256 3261 nobis
2293 3196 2566 3260 servatis
2603 3195 2693 3278 (p.
2736 3195 2970 3282 286s7)

245 3298 550 3381 exempla
609 3300 963 3368 inusitatae
1028 3303 1382 3370 locutionis
1441 3304 1796 3386 congessit,
1871 3309 1946 3367 ut
2009 3300 2350 3368 Ciceronis
2422 3300 2590 3366 illud
2654 3300 2970 3366 iudicium

244 3403 465 3490 (Brut.
515 3405 557 3492 ξ
587 3409 746 3491 258)
800 3407 1151 3475 Caecilium
1193 3417 1257 3476 et
1280 3411 1648 3476 Pacuvium
1682 3412 1852 3475 ‘male
1889 3411 2128 3474 locutos
2163 3409 2456 3473 videmus
2493 3407 2968 3491 comprobaret.

243 3509 425 3594 Quid
487 3514 953 3596 praestiterint,
1000 3524 1076 3580 ut
1119 3515 1399 3582 breviter
1442 3515 1864 3600 perpendam,
1931 3513 2184 3580 Holtzii
2243 3513 2506 3580 libellus
2552 3515 2830 3581 minoris·
2867 3520 2970 3580 est
3020 3555 3026 3562 ·

244 3639 445 3700 quam
491 3622 725 3705 quanti
770 3643 911 3688 esse
958 3631 1025 3688 et
1071 3623 1301 3688 debuit
1346 3631 1411 3688 et
1456 3623 1690 3706 potuit,
1740 3623 1898 3705 quia
1944 3643 2048 3686 res
2087 3621 2302 3686 minus
2339 3627 2494 3704 apte
2534 3621 2862 3686 ordinavit
2899 3627 2968 3687 et

242 3746 718 3810 nonnunquam
785 3728 1115 3794 obsoletas
1172 3729 1625 3796 distinctiones
1678 3729 2005 3808 adhibuit,
2064 3727 2242 3794 velut
2287 3729 2578 3793 dativum
2625 3727 2968 3812 qualitatis

242 3833 518 3899 effectus
572 3837 663 3919 (p.
714 3838 845 3920 14),
905 3837 1294 3920 quantitatis
1340 3839 1432 3920 (p.
1485 3838 1615 3921 19),
1673 3835 2040 3904 introduxit
2094 3842 2160 3900 et
2205 3834 2386 3901 locos
2433 3835 2596 3900 satis
2641 3833 2967 3901 notabiles

242 3941 481 4006 omisit.
548 3941 853 4008 Ceterum
898 3942 1109 4008 multa
1154 3951 1568 4020 excusantur,
1617 3944 1796 4026 quod
1843 3944 1980 4026 ipse
2038 3939 2261 4006 libello
2309 3949 2460 4024 post
2504 3943 2642 4006 eius
2690 3947 2964 4007 mortem

242 4047 503 4113 demum
550 4049 726 4115 edito
774 4072 907 4116 non
961 4049 1262 4116 ultimam
1310 4073 1577 4116 manum
1625 4050 1880 4114 videtur
1935 4049 2350 4132 imposuisse3
2414 4069 2570 4114 nam
2617 4047 2810 4112 aliter
2855 4049 2964 4112 vix

240 4155 383 4219 fieri
436 4158 671 4238 potuit,
727 4164 803 4222 ut
846 4157 903 4222 is
948 4179 1031 4222 ne
1079 4157 1407 4223 erroribus
1454 4157 1717 4240 quidem
1766 4161 2046 4234 vacaret,
2096 4177 2374 4237 quorum
2430 4155 2848 4237 gravissimus
2894 4155 2962 4219 in

242 4285 305 4346 p.
351 4266 429 4329 14
466 4263 725 4348 legitur,
774 4264 887 4329 ubi
927 4265 1143 4331 dativo
1188 4264 1569 4348 „qualitatis
1606 4262 1919 4329 effectus“
1963 4263 2021 4328 P
2047 4264 2211 4328 168ι
2252 4263 2541 4327 bellando
2578 4268 2774 4348 aptus
2810 4283 2964 4326 sum

238 4371 569 4451 tribuitur,
618 4373 740 4436 etsi
777 4371 857 4436 de
898 4372 1089 4438 verbo
1128 4373 1491 4456 apiscendi,
1538 4392 1672 4436 non
1720 4371 1800 4435 de
1849 4369 2172 4434 adiectivo
2211 4369 2319 4452 agi
2357 4370 2488 4433 iam
2517 4367 2777 4434 Nonius
2814 4389 2962 4450 per-

456 4550 475 4583 ¹
512 4550 569 4604 P
598 4551 791 4602 littera
828 4549 1129 4616 Pacuvii,
1169 4549 1219 4602 Α
1258 4548 1459 4602 Accii
1492 4547 1812 4617 fragmenta
1849 4545 2288 4615 tragoediarum,
2317 4562 2408 4614 pr.
2447 4543 2766 4598 fabularum
2805 4561 2964 4614 prae·

240 4643 523 4692 textui-um
560 4640 823 4707 reliquias
861 4637 1298 4708 significavimus
1333 4639 1393 4690 in
1425 4655 1680 4690 versuum
1710 4637 1952 4689 numeris
1983 4635 2215 4688 adiectis
2245 4633 2307 4687 O.
2335 4633 2633 4687 Ribbeckii
2667 4633 2962 4688 Scaenicae

238 4729 619 4782 Romanorum
649 4729 832 4797 poesis
867 4728 1179 4797 fraqmema
1226 4729 1407 4780 tertiis
1449 4728 1593 4778 curis
1631 4727 1924 4795 recognita
1963 4725 2117 4792 (Vol.
2146 4724 2192 4777 Ι.
2234 4723 2602 4794 Tragicorum
2640 4722 2962 4793 fragmenta

238 4836 291 4887 p.
321 4819 391 4872 86
426 4835 574 4886 seqq.
614 4823 669 4870 et
708 4817 809 4870 321
850 4835 1018 4886 seqq„
1056 4815 1277 4886 Lipsiae
1317 4817 1479 4884 1897)
1519 4816 1709 4868 secuti.

344 4941 717 4985 niasemtionea
744 4941 863 4996 phu.
884 4941 1089 4984 Vindob.
1118 4943 1251 4984 vm.
2747 4919 2780 4973 8
