3567 5109
1448 304 1869 371 ...57-

691 497 846 563 vm,
885 498 1010 549 7253
1051 497 1158 549 Hic
1195 498 1428 561 Lelegas
1453 494 1460 564 Ι
1484 496 2283 565 Carasquesssagittiterosque
2320 502 2575 565 Gelonos,

689 583 786 650 IX,
823 586 951 635 574:
988 584 1212 637 Turnus
1249 584 1380 647 Ityn
1405 581 1414 652 Ι
1438 582 1820 648 Cloniumque
1836 580 1856 651 ΙΙ
1874 582 2217 649 Dioxippum
2258 587 2714 653 Promolumque,

688 671 784 734 IX,
821 672 951 725 764:
989 668 1862 740 Alcandrumquelnaliumque
1879 668 1899 739 ΙΙ
1915 672 2318 737 Noemonaque
2354 675 2777 741 Prytanimque,

689 760 752 815 X,
787 760 916 811 749:
957 758 1250 823 umapun
1273 755 1280 827 Ι
1304 758 1694 823 Croniumque
1709 756 1730 825 {l
1748 760 2212 824 Luoaoniumque
2250 758 2607 812 Erichaeten.

283 896 433 969 Qui
503 917 832 963 numerus
895 919 1219 963 versuum
1285 920 1370 964 ex
1438 908 1827 965 ceterorum
1893 902 2252 983 poetarum
2312 904 2730 966 carminibus
2780 908 3014 985 augeri

283 1010 548 1082 potest.
614 1006 834 1068 Porro
893 1023 1174 1069 caesura
1237 1007 1769 1069 trithemimeres
1819 1005 2013 1069 deest
2056 1006 2127 1069 in
2174 1008 2279 1069 his
2328 1006 2615 1085 Vergilii
2664 1008 3011 1071 versibus:

513 1125 608 1192 IV,
647 1128 776 1177 316:
817 1126 924 1177 Per
959 1127 1208 1180 conubia
1246 1134 1438 1180 nostra
1455 1124 1476 1196 11
1493 1142 1597 1191 per
1633 1130 1888 1192 inceptos
1925 1129 2287 1196 hymenaeos,

515 1213 608 1275 IV,
647 1216 774 1265 486:
809 1214 1093 1279 spargens
1129 1215 1324 1267 umida
1363 1216 1534 1267 mella
1552 1213 1572 1283 ΙΙ
1590 1216 2080 1279 soporiferumque
2114 1228 2383 1283 papaver,

511 1302 576 1367 V,
614 1304 741 1353 591:
780 1302 1094 1366 Frangeret
1129 1303 1506 1367 indeprensus
1521 1300 1541 1371 ΙΙ
1559 1309 1614 1355 et
1648 1304 2038 1355 inremeabilis
2076 1317 2253 1368 error,

279 1422 557 1503 quibus
605 1424 938 1488 simillimi
986 1433 1147 1489 sunt
1191 1445 1434 1491 versus
1483 1429 1776 1491 Paulini:

509 1546 656 1613 XIX,
694 1550 788 1599 34:
826 1549 1058 1600 Solvere
1095 1550 1453 1614 collyrioque
1469 1547 1789 1617 ssmedentis
1823 1550 2099 1613 inungere
2138 1548 2365 1615 Christi,

509 1635 660 1701 XIX,
697 1637 825 1687 428:
863 1636 1112 1701 Longius
1149 1641 1497 1700 argentoque
1514 1633 1534 1704 ΙΙ
1552 1636 1738 1689 levem
1778 1637 2091 1688 amandare
2129 1638 2441 1687 lucernam.

507 1757 820 1838 Denique
853 1778 1068 1822 unum
1099 1778 1376 1823 versum
1410 1762 1644 1823 inveni
1678 1760 1862 1840 apud
1897 1760 2269 1835 Paulinum,
2318 1761 2427 1821 cui
2475 1763 2731 1823 omissa
2777 1762 3011 1824 trithe-

277 1866 588 1925 mimere
637 1870 742 1926 est
788 1882 1074 1927 caesura
1120 1868 1322 1929 tertia
1368 1868 1712 1929 trochaica
1761 1884 1913 1929 cum
1964 1866 2295 1931 incisione
2344 1868 2689 1931 bucolica:

513 1984 662 2053 XIX,
699 1987 832 2037 429:
869 1986 980 2039 Sed
1017 1988 1188 2038 miser
1225 1988 1554 2039 ambitiosus
1569 1983 1590 2055 ss
1608 1992 1662 2038 et
1697 1986 1819 2051 ipsa
1856 1988 1914 2037 in
1939 1984 1947 2055 Ι
1969 1987 2174 2038 fraude
2208 1990 2505 2051 superbus.

507 2126 598 2189 Ut
626 2130 862 2207 paucis
897 2129 1333 2210 complectar,
1366 2147 1540 2209 quae
1573 2130 1784 2192 modo
1818 2132 2128 2210 exposui,
2164 2132 2284 2192 has
2317 2148 2633 2193 caesuras
2667 2132 3010 2210 legitimas

275 2230 478 2311 apud
529 2234 891 2295 Paulinum
941 2252 1048 2297 me
1097 2240 1400 2297 statuere
1446 2251 1655 2315 posse
1703 2240 1871 2314 puto
1922 2235 2031 2313 (cf.
2081 2234 2334 2313 Meyer.
2384 2254 2445 2315 p.
2502 2240 2663 2296 1074
2714 2236 2823 2312 s.):

1035 2382 1084 2435 1
1135 2370 2225 2457 -uu-uu-'¹uu-.uu-uu..0

1031 2474 1758 2561 2.-ι-υυψΙυυ--ξ
1787 2474 2311 2561 ..Ηυυ-υυ-υ

1031 2583 1410 2667 3-...υυ-ἲ
1441 2606 1789 2628 υυυυυυ
1816 2580 2267 2667 ΙΙυυ-υυ-ἰῖ

1029 2695 1082 2749 4
1133 2686 2267 2773 -uuf-uuffiuu-¹¹uu—uu—u

809 3228 896 3299 B.
946 3227 1056 3299 De
1102 3228 1452 3301 caesuris
1500 3230 1917 3301 metrorum
1962 3228 2492 3301 iambicorum.

506 3386 775 3450 Deinde
837 3408 1170 3451 caesuram
1233 3387 1502 3451 trimetri
1561 3386 1846 3467 iambici,
1909 3390 1997 3453 ad
2060 3406 2261 3469 quam
2313 3391 2800 3467 convertimur,
2848 3395 3009 3469 post

283 3494 522 3554 thesin
598 3496 868 3556 tertiam
948 3498 1194 3558 ceteris
1241 3514 1394 3559 esse
1483 3494 1979 3575 elegantiorem
2071 3512 2157 3557 ex
2251 3495 2555 3557 omnium
2648 3494 3005 3573 poetarum

285 3598 717 3660 carminibus
747 3598 984 3662 elucet.
1023 3602 1190 3663 Eam
1219 3599 1543 3663 Paulinus
1577 3618 1855 3681 quoque
1885 3602 2119 3678 magni
2150 3600 2551 3674 aestimavit,
2585 3600 2703 3677 qui
2727 3598 3003 3659 easdem

285 3705 508 3785 leges,
571 3704 824 3784 quibus
874 3708 1466 3785 penthemimeren
1517 3707 1586 3767 in
1638 3709 2040 3769 hexametro
2094 3704 2437 3779 formavit,
2485 3706 2614 3765 hoc
2662 3702 2734 3764 in
2784 3710 3005 3765 metro

289 3810 713 3872 observavit.
780 3810 1022 3889 Itaque
1085 3813 1380 3873 maxime
1447 3828 1530 3873 eo
1598 3810 2088 3886 delectabatur,
2136 3811 2235 3871 uti
2285 3808 2497 3871 verba
2544 3808 2869 3870 socianda
2936 3811 3005 3870 in

287 3916 436 3976 fine
501 3920 570 3976 et
634 3916 893 3995 prioris
960 3922 1030 3977 et
1091 3914 1376 3978 alterius
1440 3932 1684 3978 versus
1749 3916 1971 3994 partis
2038 3918 2425 3993 seponeret.
2484 3912 2710 3991 Atque
2770 3912 3006 3974 videas

285 4036 552 4098 quaeso
601 4018 722 4081 XX
770 4037 1016 4082 versus
1065 4020 1394 4083 iambicos
1444 4021 1764 4083 carminis
1798 4018 2109 4097 XXXIII,
2174 4021 2243 4081 in
2277 4019 2531 4098 quibus
2564 4020 2727 4081 haec
2758 4018 3002 4097 poetae

289 4142 456 4185 cura
505 4126 574 4185 in
621 4131 951 4204 promptu
998 4130 1118 4187 est.
1167 4124 1432 4187 Deinde
1479 4121 1763 4186 LVIII¹⁶⁸
1798 4126 1866 4185 in
1900 4140 2251 4185 caesuram
2286 4124 2661 4185 sententiae
2703 4121 3005 4184 clausula

291 4229 551 4293 incidit.
599 4230 768 4291 Tum
819 4228 1130 4304 verbum,
1177 4229 1367 4309 quod
1413 4235 1517 4291 est
1563 4234 1720 4291 ante
1769 4230 2171 4291 incisionem
2221 4229 2594 4303 metricam,
2640 4244 2801 4287 raro
2849 4244 3001 4289 cum

291 4352 484 4411 voce,
550 4352 724 4413 quae
789 4336 1119 4413 sequitur,
1184 4334 1602 4417 synaloephe
1668 4336 2142 4413 coniungitur;
2211 4350 2365 4395 nam
2433 4337 2759 4411 quattuor
2815 4332 3002 4393 solos

291 4442 494 4502 huius
559 4442 835 4519 generis
899 4456 1142 4501 versus
1212 4438 1415 4517 (XXI,
1491 4442 1648 4500 201:
1715 4444 1989 4519 tempore
2008 4432 2187 4521 Haut:
2250 4436 2485 4513 XXIV,
2551 4441 2707 4497 407:
2786 4431 2968 4496 breve
2987 4432 3005 4519 ΙΙ

291 4546 528 4625 aere¹)‚·
575 4552 733 4606 415:
779 4544 1323 4629 propinquantem
1340 4538 1673 4627 'laedebam
1719 4548 1871 4605 707:
1930 4539 2235 4627 forsitam
2260 4538 2391 4623 Ηὶη)
2441 4544 2743 4603 invenire
2791 4542 3005 4619 potui.

291 4650 472 4712 Raro
553 4655 784 4712 autem
862 4650 1424 4728 semiseptenaria
1496 4648 1650 4711 loco
1728 4649 2253 4725 semiquinariae
2344 4645 2725 4707 adhibetur.
2812 4644 3001 4721 Nam,

499 4808 538 4869 ¹)
577 4806 760 4856 Locus
797 4806 1018 4857 dubius.
