3567 5109
1620 345 1707 356 -ψ
1792 304 1930 371 126·
2009 345 2094 354 —

501 501 778 563 tatione‘
813 500 1245 580 explananda
1295 499 1576 579 pa'ulum
1614 500 1699 560 ab
1735 519 1811 562 ea
1856 499 2147 561 differre
2183 501 2688 579 ‘inopinatum’
2725 503 2911 579 quod
2946 503 3205 565 Graece

499 603 871 684 παράδοξον
918 610 1222 680 vocetur,
1273 604 1738 682 adnotaverat,
1796 609 1872 666 ut
1920 623 2091 682 quae
2139 605 2454 667 hocloco
2492 607 2675 684 apud
2710 605 3201 676 Quintilianum

501 714 811 772 exstant:
859 705 968 768 sed
1000 707 1153 792 qnia
1188 728 1312 769 non
1344 715 1598 770 tantum
1629 730 1742 792 per
1792 708 2413 768 communicationem
2442 707 2601 793 fieri
2626 706 2803 786 solet,
2833 709 3205 788 παράδοξον

497 809 622 874 alii
669 810 1097 890 nominarunt,
1142 811 1210 874 id
1256 821 1345 874 est
1391 811 1797 896 inopinatum
1846 813 1933 875 ad
1981 815 2275 876 eundem
2320 814 2648 878 redirent.
2698 815 2901 878 Certe
2949 819 3017 876 in
3064 817 3203 895 epi-

500 921 691 996 scopi
741 919 1170 998 Hispalensis
1219 918 1482 981 fontem
1551 919 1752 994 cadit,
1820 917 2006 997 quod
2072 918 2533 990 Quintilianus
2608 920 3000 999 subiungit:
3056 915 3205 980 Illis

501 1040 622 1081 non
663 1018 907 1100 accede,
955 1020 1065 1106 qni
1092 1021 1340 1082 schema
1367 1043 1497 1083 ease
1529 1021 1903 1084 existimant
1934 1021 2139 1098 etiam,
2188 1021 2249 1082 εἰ
2280 1019 2435 1107 quid
2479 1020 2660 1082 nohis
2706 1020 2871 1105 ‘ipsis
2916 1021 3205 1083 dicamus

501 1125 1004 1208 lneaespectatum
1056 1123 1377 1190 accidisse.
1424 1119 1428 1124 ’
1469 1127 1714 1210 Nescio
1763 1145 1847 1188 an
1906 1127 2075 1190 haec
2123 1131 2465 1190 sententia
2526 1127 2929 1190 confirmari
2981 1130 3203 1207 possit

499 1232 603 1308 113,
653 1249 831 1310 quae
887 1231 1106 1294 Iulius
1162 1233 1571 1295 Rufinianus
1630 1233 1713 1298 de
1777 1232 2019 1294 eadem
2077 1231 2305 1312 figura
2371 1235 2649 1311 scripsit
2706 1233 2797 1312 (p.
2854 1239 2955 1310 46,
3012 1237 3091 1292 24
3118 1250 3204 1295 ss

499 1335 642 1410 H.):
689 1333 1064 1414 παράδοξον
1101 1332 1232 1396 aiz-e
1268 1335 1582 1417 ὑπομονή,
1627 1335 1997 1395 sustentatio
2030 1335 2115 1412 (J)
2164 1331 2264 1394 vel
2308 1333 2724 1416 inopinatum.
2771 1333 2911 1396 Hoc
2955 1331 3205 1396 schema

498 1435 826 1522 suspendit
855 1458 1124 1516 sensum,
1173 1436 1402 1500 deinde
1443 1437 1667 1500 subicit
1713 1437 1964 1525 aliquid
2026 1460 2095 1499 eo
2159 1447 2381 1500 contra
2452 1440 2977 1521 eoespectationem
3020 1437 3204 1501 aucli-

502 1541 658 1604 toria
729 1540 860 1604 εἶτε
923 1543 1134 1606 maius
1196 1544 1330 1604 sive
1389 1544 1596 1604 mimas
1649 1553 1706 1604 et
1753 1541 1891 1604 ideo
1936 1545 2305 1604 sustentatio
2360 1541 2456 1604 vel
2506 1543 2907 1627 inopinatum
2952 1542 3205 1608 dicitur.

508 1645 727 1710 ('‘'··t(eto
747 1668 875 1730 pro
915 1643 1200 1728 Ligymvio:
1239 1645 1435 1710 ‘Hinc
1467 1645 1851 1730 prohibitus
1902 1669 1963 1729 q.
2012 1669 2060 1712 s.
2112 1650 2335 1712 Recte
2368 1649 2644 1728 quidem
2678 1651 2917 1712 Monse
2967 1652 3059 1730 (p.
3098 1650 3203 1726 12)

501 1753 672 1814 haec
722 1753 919 1815 dicit:
957 1754 1112 1840 ‘Sed
1161 1754 1450 1816 interest
1481 1754 1742 1836 aliquid
1790 1755 1971 1816 inter
2018 1755 2595 1830 sustentationem
2642 1761 2709 1816 et
2755 1754 3206 1836 inopinatum,

504 1857 692 1936 quod
733 1857 950 1947 Iulius
985 1857 1392 1920 Rufinianus
1426 1857 2005 1940 animadvertisse
2038 1876 2180 1920 non
2210 1858 2505 1920 videtur'
2532 1892 2619 1902 —
2654 1859 2778 1920 sed
2810 1860 2868 1919 si
2916 1858 3205 1920 subicit:

503 1963 794 2024 ‘etiamsi
828 1963 1058 2024 hausit
1089 1981 1126 2024 e
1161 1963 1594 2034 Quintiliano
1642 1964 1772 2024 hoc
1822 1963 1995 2040 loc0,
2043 1971 2118 2025 ut
2150 1964 2382 2040 multis
2418 1964 2592 2025 aliis
2630 1999 2707 2008 —
2742 1982 2897 2026 eum
2933 1981 3207 2024 errasse

506 2071 774 2146 opinor.
839 2069 1006 2130 Nam
1075 2086 1199 2129 cur
1255 2067 1499 2143 luliuS,
1557 2071 1612 2128 si
1671 2070 1874 2148 hunc·
1909 2076 2187 2130 secutus
2244 2075 2367 2144 est,
2424 2070 2569 2130 eius
2616 2069 3005 2147 exemplum
3064 2085 3203 2129 non

503 2173 785 2250 recepit,
849 2171 1039 2250 quod
1105 2189 1272 2233 sane
1337 2179 1568 2250 aptum
1636 2179 1753 2246 est,
1825 2172 1949 2234 sed
2000 2173 2186 2234 aliud
2236 2170 2553 2251 profert?
2618 2173 2723 2234 An
2770 2190 2928 2234 cum
2975 2172 3203 2250 ipsum

507 2278 824 2354 exempla
873 2293 958 2338 ex
1006 2277 1463 2356 scriptoribus
1511 2279 1839 2356 petivlsse
1886 2277 2313 2339 statuamus?

524 2374 534 2384 '
708 2379 944 2442 Altera
1010 2385 1113 2442 est
1180 2383 1933 2458 quaest10,noveritne
1980 2381 2294 2442 Isidorus
2344 2381 2583 2442 Rutilii
2631 2380 2807 2458 Lupi
2854 2347 3201 2452 11110110111ς

504 2488 646 2546 tres
668 2487 852 2546 enim
885 2484 1074 2563 figur
1079 2503 1150 2546 as
1185 2485 1407 2561 habet,
1441 2503 1609 2564 quas
1643 2486 1983 2546 Rutilium
2012 2486 2233 2546 solum
2270 2487 2719 2564 proposuisse
2740 2484 3205 2556 Quintilianus

501 2588 780 2650 tradere
827 2588 1122 2651 videtur.
1187 2589 1320 2651 Sed
1371 2589 1774 2669 episcopum
1824 2589 2309 2668 Hispalensern
2358 2589 2648 2664 schema,
2696 2589 2883 2666 quod
2932 2588 3204 2672 charac-

503 2695 863 2757 terismum
911 2701 1130 2769 vocat,
1179 2713 1261 2755 ex
1309 2693 1431 2755 illo
1480 2694 1809 2772 petivisse
1856 2711 2059 2756 nemo
2095 2694 2349 2768 credet,
2406 2695 2524 2772 qui
2572 2693 2929 2770 utriusque
2990 2692 3205 2754 ver-ba

503 2797 892 2860 contulerit.
913 2829 922 2842 ·

781 2937 907 2987 Rut.
947 2937 1080 2998 Lup.
1127 2951 1181 2998 p.
1213 2939 1293 3001 16,
1332 2951 1383 2988 v.
1426 2941 1540 2988 las,
2242 2937 2445 2987 Isidor.
2479 2951 2533 2998 p.
2570 2937 2689 2993 521,
2732 2940 2792 2986 19
2814 2948 2884 2984 ss,

641 3045 688 3094 7.
725 3038 1191 3106 Χαρακτηρισμός.
1245 3041 1398 3102 Quem
1461 3041 1533 3092 ad
1601 3043 1801 3092 modum
2036 3043 2489 3102 ,Characteriaemuae
2550 3047 2623 3090 eat
2686 3039 2958 3102 deam-iptio
3001 3039 3207 3102 figurae

494 3131 660 3192 pictor
706 3126 950 3177 coloribus
975 3127 1184 3192 figuras
1229 3129 1480 3194 deam-ibit,
1518 3131 1591 3178 εἰσ
1625 3137 1803 3179 orator
1909 3129 2120 3178 alienius
2192 3145 2459 3190 expressa·
2512 3135 2593 3178 ut:
2676 3126 2883 3176 'Omnia
2956 3125 3207 3176 Mercurio

502 3215 591 3264 hoc
635 3214 888 3265 schemate
925 3222 1014 3264 aut
1053 3217 1180 3266 vitia
1217 3224 1307 3266 ant
1360 3219 1569 3266 virtutes
1615 3233 1799 3282 eornm,
1848 3220 1852 3222 ’
1906 3216 2108 3266 similia*
2150 3233 2201 3278 q.
2240 3231 2281 3266 s.

504 3305 570 3352 de
637 3303 812 3365 quibua
902 3302 1478 3366 loquitur,desor711at
1551 3303 1801 3368 Ῑ,3]00111”;ε
1849 3366 1853 3375 Ι

503 3388 663 3449 ‘Quid
705 3392 761 3438 in
795 3392 884 3440 hoc
920 3391 1155 3440 arbitrer
1193 3407 1246 3454 q.
1285 3407 1325 3444 s,
1848 3378 1853 3446 1

711 3531 844 3594 Sed
877 3551 986 3594 res
1023 3541 1177 3612 apte
1199 3533 1535 3612 explicari
1558 3533 1836 3612 poterit,
1870 3534 1927 3594 si
1951 3532 2354 3604 Quintiliani
2377 3531 2589 3592 verba
2626 3531 2743 3606 (IX
2780 3536 2837 3606 3,
2873 3529 2981 3606 99)
3015 3535 3207 3590 recte

505 3639 930 3715 interpretati
981 3641 1274 3720 erimus:
1341 3634 1498 3698 Item
1555 3634 1850 3697 Rutilius
1890 3643 2157 3717 praeter
2204 3657 2294 3714 ea,
2346 3655 2505 3720 qnae
2549 3631 2734 3716 apud
2762 3630 2931 3693 alios
2964 3651 3205 3717 qnoque

504 3748 668 3818 sunt,
711 3744 1220 3822 παρομολογίαν,
1252 3741 1630 3824 ἀναγκαῖον,
1667 3741 2041 3822 ἠθοποιίαν,
2074 3741 2537 3820 (δικαιολογία-ν,
2568 3741 2913 3818 πρόληψιν,
2944 3758 3210 3818 χαρακή

503 3847 896 3926 τηρισμόν,
925 3848 1376 3927 βραχυλογίαν,
1410 3848 1926 3926 παρασιώπησιν,
1958 3846 2348 3925 παρρησία-ν,
2378 3840 2453 3902 de
2485 3839 2708 3924 quibas
2732 3838 3071 3905 idem-dico·
3122 3877 3205 3884 —

503 3951 752 4011 Fabius
800 3953 978 4010 enim
1031 3969 1170 4012 non
1219 3950 1382 4011 dicit
1430 3951 1761 4013 Rutilium
1813 3951 2035 4011 solum
2086 3949 2249 4010 haec
2298 3950 2645 4010 schemata
2694 3949 3034 4023 statuisse,
3082 3945 3203 4008 sed

502 4072 654 4115 eum
721 4054 946 4116 solum
1022 4073 1098 4116 ea
1147 4053 1382 4136 fiyuris
1450 4052 1776 4114 iret-borma
1840 4055 2353 4116 adnumerasse.
2416 4053 2619 4123 Quod
2684 4052 2791 4112 vel
2857 4052 3203 4113 indicatur

505 4158 772 4220 verbis:
839 4155 912 4217 de
979 4157 1207 4242 quibus
1275 4156 1431 4218 idem
1486 4157 1649 4238 ‹Ic'c03
1699 4178 1860 4222 nam
1916 4159 2046 4220 hoc
2116 4154 2269 4218 idem
2332 4158 2481 4218 sine
2548 4157 2759 4218 dubio
2810 4162 3071 4234 spectat
3118 4154 3203 4216 ad

504 4263 618 4324 illa
675 4265 904 4327 verba.
953 4281 1129 4343 quae
1175 4265 1383 4343 paulo
1451 4272 1604 4326 ante
1651 4267 2016 4342 leguntur:
2074 4259 2350 4330 Quorum
2390 4259 2621 4342 priora.
2666 4255 3209 4340 alte-rcusfflmeris

503 4373 652 4427 aunt
701 4367 1042 4444 schemata,
1097 4366 1433 4454 sequentia.
1477 4368 1797 4429 schemata-
1845 4367 2096 4428 omne'no
2146 4386 2272 4426 non
2336 4374 2498 4428 sunt.
2548 4367 2767 4428 Aliter
2830 4365 2949 4426 illa
2997 4365 3205 4426 verba

504 4472 808 4550 intellegi
883 4491 1088 4551 posse
1152 4492 1352 4552 neg0,
1417 4477 1576 4552 quia
1652 4473 2115 4544 Quintilianus
2192 4474 2339 4550 ipse
2416 4470 2796 4550 ἠθοποιίαν,
2859 4471 3206 4548 aporiatus,

504 4578 867 4657 παρρησίαν
931 4577 1197 4656 figuras
1263 4581 1758 4640 sententiarum
1812 4595 1961 4639 esse
2012 4576 2207 4638 dixit.
2276 4577 2591 4638 Ceterum
2659 4575 2769 4636 hic
2835 4591 2982 4636 rem
3066 4591 3205 4634 non

507 4684 674 4742 satis
724 4690 1040 4744 accurate
1087 4686 1493 4744 tractavisse
1540 4683 1835 4756 videtur,
1884 4682 2043 4760 quia
2092 4679 2449 4760 ἀναγκαῖον
2497 4698 2647 4740 011111
2684 4681 2812 4740 1100
2859 4679 3010 4740 1000
3060 4685 3205 4737 tum

505 4785 594 4846 IX
646 4793 700 4860 2,
765 4794 881 4846 106
934 4791 1518 4852 commemoravit.
1583 4790 1817 4868 Neque
1866 4786 2114 4851 deinde
2172 4803 2255 4848 ex
2306 4784 2453 4848 eius
2503 4783 2737 4846 verbis
2785 4783 2903 4858 (IX
2955 4789 3010 4859 3,
3058 4781 3205 4858 93):
