3567 5109
266 552 330 605 et
373 544 977 621 Friedlaender01)
1027 552 1094 605 et
1143 546 1411 607 Rittero
1427 546 1478 623 ²)
1514 546 1850 609 adsentiri
1892 546 2097 621 malo,
2131 564 2573 626 nequaquam
2607 554 2838 611 autem
2876 548 2963 609 iis

265 648 613 711 Iuvenalis
673 655 1070 712 saturarum
1131 650 1544 725 editoribuS,
1611 650 1730 729 qui
1800 651 1885 713 de
1941 652 2257 715 Iuventio
2308 650 2507 715 Celso
2575 652 2962 733 cogitant-2).

263 756 494 833 Neque
541 753 788 832 negari
834 759 1064 835 potest
1097 757 1307 817 etiam
1383 755 1736 817 Iuvenalis
1802 758 2255 837 interpretem
2318 756 2681 819 nobiscum
2716 758 2965 833 facere,

267 860 379 938 qui
431 859 720 921 adnotat
769 859 856 921 ad
901 877 1142 923 vocem
1197 854 1404 920 Celso:
1455 857 1696 921 oratori
1739 856 1915 920 illiue
1970 860 2284 943 tempom‘e,
2339 860 2453 944 qui
2493 868 2726 945 septem
2774 858 2966 921 libros

264 961 740 1025 Institutionum
801 961 1068 1046 scriptos
1111 961 1382 1047 reliquit.
1447 964 1580 1037 Qui
1628 965 1799 1044 quin
1847 966 2077 1030 minus
2126 973 2451 1031 accurate
2496 966 2774 1031 Celsum
2822 985 2963 1027 ora·

263 1075 455 1129 torem
528 1065 705 1130 illius
767 1069 1066 1152 temporie
1131 1070 1506 1146 vocaverit,
1574 1070 1864 1133 dubium
1930 1089 2073 1135 non
2151 1078 2273 1135 est.
2339 1072 2489 1144 Qua
2548 1074 2619 1134 in
2683 1088 2763 1134 re
2823 1090 2971 1133 non

264 1173 719 1251 offendemuS,
767 1175 826 1236 si
873 1176 1021 1237 eius
1055 1174 1410 1238 scribendi
1457 1176 1807 1238 rationem
1854 1177 2411 1255 cognoverimus.
2476 1178 2703 1255 Atque
2749 1175 2964 1239 verba

261 1276 438 1339 illius
499 1278 800 1361 temporis
865 1276 1008 1359 (illo
1082 1278 1394 1363 tempore)
1461 1280 1648 1360 apud
1724 1281 2025 1344 eundem
2101 1282 2557 1363 interpretem
2634 1282 2964 1361 leguntur

263 1386 366 1446 his
416 1384 622 1447 locis:

464 1489 552 1553 ad
601 1496 726 1552 sat.
773 1489 878 1552 111
928 1498 1040 1551 98:
1091 1486 1230 1551 Nec
1277 1497 1487 1550 tamen
1533 1484 1911 1571 Antiochus]
1988 1490 2058 1551 hi
2099 1486 2281 1552 illiue
2344 1490 2641 1575 temporie
2687 1486 2969 1551 comoedi

239 1594 535 1677 fuerunt.

467 1700 557 1762 ad
603 1706 729 1763 sat.
775 1700 880 1763 111
927 1702 1083 1761 251:
1161 1696 1426 1761 Corbulo
1489 1699 1624 1779 vim]
1673 1696 1798 1762 alii
1839 1696 2061 1761 dicunt
2103 1697 2407 1762 athletam
2450 1696 2629 1761 illim
2670 1699 2969 1781 temporie

238 1804 485 1920 fortem
550 1800 964 1865 Corbulonem
990 1803 1232 1888 fuisse,
1277 1801 1405 1865 alii
1439 1824 1640 1887 genus
1685 1802 1893 1868 navis.

467 1910 558 1972 ad
603 1916 730 1973 sat.
777 1911 835 1971 V
885 1916 995 1971 90:
1070 1930 1208 1970 cum
1274 1908 1558 1971 Boccare
1621 1930 1801 1969 nemo
1849 1908 1933 1971 lav
1939 1910 2127 1989 atur]
2202 1906 2468 1991 quidam
2523 1906 2632 1969 illo
2676 1918 2963 1991 tempore,

254 2014 367 2093 qui
401 2014 668 2095 putenti
709 2011 839 2076 oleo
886 2036 948 2076 se
995 2012 1310 2099 unquebat
1354 2015 1423 2076 in
1469 2012 1720 2078 balnei-5.

467 2120 554 2182 ad
601 2126 723 2185 sat.
770 2121 862 2183 VI
913 2126 1028 2183 87:
1093 2116 1524 2203 Pavidemque
1587 2118 1873 2202 reliquit]
1930 2116 2196 2206 difficile
2258 2128 2347 2182 est
2392 2118 2668 2181 deserere
2714 2138 2964 2181 consue-

252 2220 564 2288 tudinem.
619 2220 927 2285 Paridem
957 2221 1114 2285 dicit
1144 2221 1326 2286 illiue
1354 2224 1652 2307 temporie
1672 2224 2155 2308 pantomimum,
2202 2244 2383 2307 quem
2416 2232 2645 2309 postca
2674 2220 2745 2285 ob
2777 2220 2963 2284 adul-

253 2336 529 2391 teratam
583 2348 842 2391 umorem
885 2326 962 2389 ab
1011 2348 1083 2389 eo
1127 2350 1308 2391 suam
1355 2327 1772 2413 (Domitiam)
1820 2327 2233 2391 Domitianus
2277 2326 2519 2393 occidit.

466 2435 555 2499 ad
631 2443 754 2498 sat.
823 2435 916 2496 VI
981 2439 1134 2497 236:
1202 2432 1490 2497 Advocat
1551 2430 1977 2520 Archiyenen]
2055 2432 2366 2498 medicum
2427 2452 2723 2515 maynum
2785 2428 2965 2494 illiue

249 2538 568 2620 tempon'&

465 2644 556 2707 ad
601 2651 725 2707 sat.
773 2644 866 2706 VI
913 2648 1070 2707 280:
1133 2642 1548 2723 Quintiliane,
1599 2642 1888 2725 colorem]
1947 2641 2390 2715 Quintilianus
2428 2650 2642 2705 orator
2681 2641 2964 2726 cys-eyiue

254 2744 360 2807 illo
411 2755 706 2830 tempore.
753 2745 922 2831 Erqo
968 2749 1154 2831 quasi
1194 2746 1286 2811 ad
1315 2750 1526 2832 ipsum
1573 2747 1881 2833 loquitur:
1928 2746 2033 2811 dic
2075 2757 2288 2810 orator
2334 2744 2601 2810 colorem
2629 2744 2717 2808 ad
2746 2744 2964 2833 defen-

247 2853 490 2913 sionem
535 2851 726 2915 huius
773 2874 1024 2916 causae.

469 2958 557 3021 ad
603 2965 732 3021 sat.
776 2958 905 3023 VII
952 2965 1064 3020 91:
1134 2956 1218 3018 Et
1276 2956 1563 3022 Baream
1607 2968 1693 3038 tu,
1756 2956 2091 3039 nobilium]
2148 2955 2385 3019 ‘nobiles
2429 2954 2607 3019 illius
2651 2956 2961 3040 temporie.

462 3063 553 3125 ad
599 3068 724 3127 sat.
771 3063 830 3125 X
878 3070 1034 3126 221:
1111 3060 1274 3134 Quot
1329 3062 1658 3126 Themison
1723 3064 1968 3148 acyrocl
2006 3105 2013 3111 ·
2047 3062 2371 3125 archiater
2432 3058 2607 3123 illiue
2652 3060 2963 3145 tempovic,

251 3167 364 3228 cui
410 3164 534 3228 doto
537 3166 708 3231 ubit.

467 3273 557 3335 ad
605 3279 730 3335 sat.
779 3273 838 3335 X
888 3276 1043 3335 222;
1121 3270 1286 3343 Quot
1347 3272 1636 3355 Basilus]
1696 3270 2073 3335 advocatum
2135 3269 2249 3335 illo
2310 3280 2582 3354 tempore
2616 3271 2963 3355 praevari-

251 3384 546 3441 catorcm.

458 3484 563 3545 Ex
613 3482 720 3543 his
767 3482 960 3559 lociS,
1008 3501 1186 3563 quos
1218 3488 1576 3566 exscripsi,
1627 3487 1863 3565 aliquo
1896 3486 2137 3548 saltem
2185 3483 2392 3546 modo
2428 3481 2712 3545 definiri
2759 3498 2965 3561 posse

251 3588 532 3667 opinor,
583 3593 920 3665 quantum
953 3591 1290 3671 temporis
1335 3592 1636 3671 spatium
1669 3590 2035 3656 vocabulis
2066 3586 2243 3649 illiue
2271 3586 2571 3669 tempovis
2600 3586 2964 3649 indicetur.

466 3692 558 3753 ad
614 3697 740 3753 sat.
786 3692 891 3755 111
937 3699 1050 3755 98:
1100 3694 1450 3759 Iuvenalis
1497 3698 1626 3759 hoc
1674 3697 1829 3758 loco
1879 3701 2212 3774 quattuor
2279 3690 2798 3756 comoediarum
2856 3708 2960 3753 ac-

249 3805 449 3859 tores
497 3797 846 3860 nominat:
913 3800 1348 3873 Antiochum,
1399 3801 1835 3878 Stratoclem,
1900 3800 2351 3878 Demetrium,
2416 3798 2771 3861 Haemum.
2862 3795 2963 3859 De

251 3898 604 3962 Antiocho
649 3901 838 3964 nihil·
868 3908 974 3964 est
1007 3904 1357 3966 traditum.
1407 3904 1772 3968 Stratoclis
1808 3910 2035 3967 autem
2070 3909 2139 3966 et
2170 3901 2508 3964 Demetrii
2539 3900 2963 3963 mentionem

251 4004 426 4067 facit
493 4003 964 4075 Quintilianus
1029 4006 1151 4086 (XI
1221 4016 1275 4085 3,
1347 4010 1527 4087 178):
1594 4009 1905 4070 maaeimoc
1968 4015 2212 4069 actores
2278 4000 2765 4082 comoediarum,
2831 4003 2959 4065 De-

250 4107 544 4169 metrium
619 4118 676 4170 et
750 4104 1122 4189 Stratoclea,
1186 4108 1451 4196 placere
1512 4109 1784 4174 diversis
1846 4108 2185 4174 viviutibue
2247 4107 2538 4174 vidimus.
2617 4109 2752 4173 Sed
2799 4112 2959 4188 quia

251 4212 728 4285 Quintilianus
809 4214 894 4277 de
957 4216 1042 4277 iis
1106 4234 1248 4279 non
1330 4218 1644 4297 loquitur
1719 4220 1856 4280 nisi
1919 4224 2232 4298 tempore
2314 4213 2698 4295 praeterito
2776 4214 2958 4291 (178:
3067 4258 3076 4267 .

253 4405 422 4455 video
473 4406 746 4467 temporis
782 4410 1015 4473 notam),
1055 4420 1104 4457 a.
1142 4410 1245 4459 856
1283 4412 1404 4470 (102
1427 4424 1480 4473 p.
1521 4411 1642 4469 ch.)
1681 4416 2009 4474 praeturam
2058 4411 2289 4473 gessisse
2334 4410 2607 4471 statuunt,
2655 4404 2979 4473 eundemque·

251 4498 351 4543 mc.
407 4490 484 4541 ῑἸ
516 4492 626 4541 245
670 4494 984 4543 minatum
1025 4500 1235 4563 μιιαηι,
1273 4498 1634 4549 scholiastam
1670 4503 1971 4561 sequentes
2006 4498 2097 4560 (ης
2134 4509 2265 4546 nam
2304 4497 2505 4557 poetae
2558 4492 2738 4542 verba
2760 4546 2765 4551 .
2790 4489 2958 4555 (W-

253 4578 437 4640 cipium
474 4584 522 4627 ct
556 4576 680 4639 loci)
727 4582 903 4632 multo
941 4583 1118 4646 magis
1153 4589 1436 4636 oratorem
1477 4598 1645 4647 quam
1685 4586 2079 4649 iurisperitum
2117 4578 2473 4647 significant’.

466 4668 504 4729 1)
541 4666 604 4717 D.
646 4667 798 4717 Iunii
837 4668 960 4718 Iuv.
999 4668 1112 4719 Sat.
1152 4669 1288 4720 libri
1325 4672 1388 4733 V,
1427 4672 1538 4721 vol.
1577 4672 1621 4737 1,
1661 4685 1714 4734 p.
1753 4674 1873 4736 311,
1912 4672 2042 4721 adn.
2086 4670 2155 4720 ad
2194 4683 2245 4721 v.
2284 4669 2402 4719 245.

464 4756 504 4815 2)
543 4755 580 4805 1.
619 4755 656 4804 1.
695 4768 748 4817 p.
787 4758 870 4807 60.

464 4840 504 4901 ³)
543 4841 704 4891 velut
741 4842 1110 4895 Heinrichius
1146 4848 1200 4894 et
1237 4845 1516 4896 Weidner.
