3567 5109
1508 308 1907 368 -9-

357 516 675 581 videatur.
770 516 937 581 Tum
996 514 1305 581 Socrates
1360 517 1769 581 adulescenti
1825 518 2116 581 ostendit
2168 518 2339 581 hanc
2398 517 2874 581 dubitationem
2928 517 3072 599 ipsa

352 623 613 687 inscitia
660 629 872 687 ortam
922 645 1085 703 esse,
1135 645 1282 687 cum
1328 643 1521 687 nemo
1573 623 1831 689 dubitet
1878 624 1960 688 de
2006 624 2106 704 iis,
2158 646 2324 705 quae
2373 625 2559 702 sciat,
2599 645 2812 705 neque
2851 624 2934 688 de
2969 625 3070 703 iis,

354 750 519 811 quae
568 750 637 793 se
684 730 935 795 nescire
984 730 1168 795 sciat.
1264 728 1478 813 Quam
1534 750 1669 793 rem
1728 729 2080 793 multorum
2137 729 2456 795 malorum
2511 729 2762 795 fontem
2819 751 2960 793 esse
3007 736 3074 794 et

352 837 975 917 perniciosissimum
1043 837 1307 921 quidem
1371 838 1440 900 in
1503 836 1701 901 rebus
1764 838 2187 919 gravissimiS,
2254 838 2444 914 iust0‚
2513 836 2808 919 pulchro,
2876 836 3068 916 bonu,

350 944 517 1006 utili.
603 942 913 1009 Graviter
957 943 1377 1008 Alcibiadem
1432 945 1777 1027 vituperat,
1838 944 2015 1026 quod
2061 944 2587 1026 imperitissimus
2634 942 2720 1007 ad
2768 964 2906 1007 rem
2952 965 3072 1026 pu-

352 1048 593 1115 blicam
649 1072 1033 1115 accessurus
1088 1052 1193 1115 sit.
1287 1050 1485 1115 Tales
1533 1072 1671 1114 esse
1730 1051 2068 1133 plurimoS,
2121 1051 2233 1132 qui
2279 1072 2416 1113 rem
2464 1049 2796 1132 publicam
2845 1070 3072 1133 capes-

356 1157 625 1221 siverint
669 1164 933 1241 praeter
969 1158 1291 1221 Periclem
1342 1164 1408 1221 et
1452 1156 1806 1221 nonnullos
1854 1156 2041 1221 alios
2111 1158 2320 1220 Immo
2359 1178 2442 1220 ne
2480 1156 2770 1220 Pericles
2809 1156 3076 1239 quidem

355 1286 433 1327 ea.
487 1271 625 1328 arte
684 1265 966 1328 docendi
1022 1266 1381 1328 instructus
1440 1270 1564 1343 est,
1626 1286 1773 1327 cum
1828 1286 1963 1328 non
2019 1265 2105 1327 sit
2164 1268 2376 1346 aptuS,
2437 1264 2550 1345 qui
2606 1262 2807 1326 alium
2867 1302 2950 1309 —-
3006 1264 3077 1326 in

351 1371 432 1433 iis
462 1372 660 1435 etiam
687 1370 1109 1435 Alcibiadem
1142 1410 1225 1419 —
1255 1371 1343 1435 ad
1379 1392 1517 1435 rem
1554 1370 1886 1453 publicam
1926 1370 2514 1435 administrandam
2552 1376 2780 1451 aptum
2817 1369 3072 1433 reddat.

356 1477 735 1541 Certissimo
783 1479 957 1541 enim
1005 1484 1390 1560 argument-o
1439 1479 1779 1542 scientiam
1819 1479 2330 1560 uniuscuiusque
2369 1477 2653 1541 hominis
2690 1476 2844 1541 inde
2883 1475 3075 1540 intel-

356 1581 482 1664 legi
530 1605 745 1665 posse,
796 1584 975 1667 quod
1022 1584 1302 1649 alterum
1352 1606 1613 1668 quoque
1661 1585 1808 1667 ipsa
1853 1606 1923 1648 re
1969 1586 2291 1648 instruere
2339 1584 2567 1665 possit.

418 1761 549 1823 III.
601 1784 765 1826 cum
814 1784 1059 1844 neque
1110 1762 1374 1826 indole
1424 1785 1671 1845 neque
1722 1764 1957 1827 animi
2005 1770 2078 1827 et
2127 1764 2477 1845 corporis
2524 1764 3012 1845 praestantia

856 1868 1183 1933 aemulis
1232 1870 1391 1933 suis
1442 1870 1803 1952 superior
1850 1871 1953 1933 sit
1999 1868 2583 1953 (11913—12413).

569 2008 719 2093 Qua
780 2032 849 2073 re
920 2010 1368 2075 demonstrata
1416 2011 1723 2075 Socrates
1780 2034 1862 2075 ex
1907 2011 2257 2076 Alcibiade
2318 2012 2592 2093 quaerit,
2652 2010 2811 2093 quid
2866 2010 2947 2073 de
3003 2030 3070 2072 se

354 2116 499 2197 ipso
547 2115 759 2179 facere
809 2116 985 2180 velit.
1078 2116 1468 2187 Alcibiades
1516 2117 1810 2183 Socratis
1867 2120 2192 2182 sententia
2249 2118 2443 2181 modo
2501 2117 2764 2199 prolata
2827 2117 3075 2194 nititur,

358 2244 503 2285 cum
554 2222 717 2286 dicit
762 2244 896 2287 11011
944 2245 1109 2305 opus
1157 2245 1297 2287 esse
1358 2224 1562 2289 multa
1620 2225 1936 2289 discendo
1990 2233 2249 2307 tempus
2305 2232 2534 2303 terere,
2603 2246 2748 2287 cum
2815 2221 3076 2305 plurimi

358 2349 602 2406 eorum,
671 2329 782 2411 qui
850 2350 985 2392 rem
1050 2330 1384 2412 publicam
1450 2333 1824 2413 gessissent,
1892 2332 2088 2395 rudes
2143 2330 2524 2413 indoctique
2580 2330 2841 2393 fuerint.
2936 2328 3075 2392 Sibi

356 2456 743 2516 persuasum
780 2458 923 2499 esse
963 2458 1029 2499 se
1068 2436 1291 2500 indole
1332 2444 1397 2501 et
1433 2439 1694 2520 ingenio
1734 2460 1852 2502 suo
1893 2446 2144 2502 ceteros
2184 2438 2476 2502 aemulos
2515 2458 2824 2519 superare
2864 2457 3076 2518 posse.

359 2544 573 2623 Quam
639 2544 1031 2607 sententiam
1100 2542 1407 2608 Socrates
1473 2546 1854 2626 gravissime
1919 2543 2344 2627 reprehendit
2408 2544 2866 2607 demonstrans
2932 2563 3078 2605 eum

356 2670 489 2711 non
548 2648 755 2712 solum
814 2671 963 2713 cum
1021 2650 1416 2715 adversariis
1470 2652 1539 2714 in
1597 2653 1859 2715 civitate
1915 2654 2063 2733 ipsa
2119 2659 2450 2715 certamen
2505 2650 2903 2727 habiturum,
2962 2647 3078 2712 sed

358 2776 505 2817 cum
555 2757 839 2819 externis
890 2777 1169 2838 quoque,
1220 2758 1389 2820 sicut
1435 2758 1768 2839 praefecto
1827 2760 1979 2823 navi
2036 2760 2122 2821 sit
2177 2758 2621 2822 dimicandum
2675 2778 2811 2819 non
2867 2755 3077 2819 solum

359 2882 506 2923 cum
554 2862 653 2941 iis,
705 2863 817 2943 (1111
864 2863 932 2925 111
978 2885 1142 2927 nave.
1192 2866 1342 2940 sint,
1394 2865 1510 2928 sed
1558 2866 1755 2929 etiam
1804 2888 1951 2930 cum
1999 2866 2415 2929 adversariis.
2501 2863 2821 2927 Ludibrio
2871 2861 3076 2939 addit,

356 2966 743 3033 Alcibiades
798 2970 884 3033 ad
940 2970 1220 3035 Midiam
1282 2974 1796 3055 ,,ὂρτυγοκόπον“
1859 2974 2124 3055 eiusque
2192 2974 2403 3036 socios
2460 2994 2527 3035 se
2585 2972 2899 3048 conferat,
2969 2970 3077 3052 qui

360 3074 557 3137 rudes
606 3083 671 3138 et
716 3076 966 3139 indocti
1014 3084 1233 3141 tamen
1282 3079 1365 3142 ad
1416 3100 1551 3141 rem
1596 3079 1932 3160 publicam
1981 3080 2392 3144 accesserint.
2485 3079 2580 3143 Ut
2640 3076 3081 3141 adulescentis

356 3181 735 3262 superbiam
781 3184 1101 3247 radicitus
1148 3184 1431 3267 frangat,
1481 3186 1822 3249 contendit
1865 3187 2072 3250 multo
2121 3188 2178 3249 ei
2227 3192 2564 3267 praestare

580 3292 635 3352 1.
684 3310 868 3370 reges
916 3289 1610 3369 Lacedaemoniorum,

574 3398 637 3459 2.
684 3416 869 3478 reges
927 3396 1295 3477 Persarum,
1366 3399 1475 3479 qui
1542 3420 1800 3481 semper
1862 3398 2104 3462 fuerint
2165 3400 2386 3462 hostes
2441 3396 2952 3461 Atheniensium
3019 3404 3084 3459 et-

360 3501 751 3583 quibuscum
798 3504 1081 3585 primum
1128 3510 1457 3568 certamen
1506 3506 1565 3569 ei
1613 3506 1902 3569 futurum
1951 3505 2054 3568 sit.
2125 3503 2321 3588 Quod
2365 3502 2752 3568 Alcibiades
2797 3503 3082 3566 refutare

363 3616 659 3685 conatur,
706 3630 855 3673 cum
904 3609 1064 3673 dicit
1110 3632 1295 3692 reges
1334 3610 2009 3675 Lacedaemoniorum
2049 3617 2114 3675 et
2149 3610 2500 3676 Persarum
2537 3609 2744 3674 nihilo
2781 3608 3083 3673 meliores

362 3736 523 3793 esse,
565 3737 758 3797 quam
800 3717 911 3797 (1111
952 3716 1099 3780 aliis
1140 3717 1512 3781 civitatibus
1551 3720 1866 3801 praesint.
1917 3716 2111 3801 Quod
2149 3740 2286 3783 non
2323 3724 2574 3781 rectum
2603 3738 2744 3781 esse
2776 3713 3082 3780 Socrates

362 3820 795 3885 demonstrat:

574 3930 641 4010 a)
690 3930 865 3992 0111111
902 3930 1099 3994 modo
1138 3931 1343 3993 tutius
1384 3952 1543 4009 esse,
1584 3932 1639 3994 si
1668 3930 2076 3995 adversarios
2105 3953 2239 3995 11011
2271 3936 2668 4007 contemnat,
2711 3929 2824 3993 sed
2856 3949 3083 4011 graves

360 4055 501 4097 esse
550 4035 795 4098 credat.

576 4144 639 4223 b)
684 4142 809 4205 hac
858 4144 1450 4224 argumentatione:

665 4252 733 4331 (ι)
780 4248 851 4313 Si
900 4256 1127 4332 gentes
1166 4249 1419 4313 nobiles
1469 4250 1824 4314 nobiliores
1871 4250 2040 4314 filios
2087 4251 2591 4333 procreaverint,
2641 4247 3084 4311 nobilissimas

363 4376 503 4419 esse
550 4356 901 4419 Persarum
968 4363 1035 4421 et
1078 4356 1751 4421 Lacedaemoniorum
1818 4364 2065 4439 gentes»,
2134 4380 2280 4420 cum
2336 4363 2616 4437 utraque
2675 4376 2754 4418 ex
2797 4354 2970 4417 Jove
3017 4374 3085 4417 se

366 4469 779 4542 procreatam
827 4484 968 4526 esse
1016 4462 1347 4545 glorietur.
1423 4462 1775 4528 Alcibiade
1830 4464 2140 4528 iniciente
2199 4484 2382 4526 suam
2433 4483 2690 4544 quoque
2739 4467 3000 4541 gentem
3045 4482 3086 4523 a.

367 4568 493 4631 diis
560 4570 877 4651 originem
943 4572 1217 4633 traxisse
1268 4570 1573 4634 Socrates
1642 4572 1780 4633 eius
1839 4576 2098 4652 gentem
2155 4591 2303 4632 cum
2361 4567 2621 4631 illorum
2670 4572 2862 4648 gente
2911 4587 3085 4629 com-

364 4677 581 4755 parari
630 4698 765 4739 non
802 4698 997 4759 posse
1029 4675 1455 4757 demonstrat,
1504 4699 1650 4740 cum
1683 4699 1908 4741 omnes
1937 4698 2160 4740 eorum
2189 4676 2469 4739 maiores
2500 4695 2702 4758 usque
2734 4672 2821 4736 ad
2847 4672 2900 4736 J
2903 4694 3086 4737 ovem

366 4802 570 4860 reges,
649 4782 853 4864 ipsius
918 4783 1214 4847 homines
1278 4785 1515 4865 privati
1589 4782 1852 4847 fuerint.
1944 4780 2206 4846 Deinde
2281 4780 2458 4863 apud
2523 4778 3087 4844 Lacedaemonios
