3567 5109
1461 408 1536 416 -
1630 371 1757 434 153
1850 405 1931 414 -

339 565 672 642 posuerit,
705 564 1117 628 difficillima
1148 571 1269 640 est,
1311 563 1501 642 quod
1533 563 1845 625 Isidorus
1876 561 2252 641 genuinum
2285 578 2519 624 rerum
2552 560 2867 622 ordinem
2902 577 3040 621 ma-

341 667 522 730 xime
541 669 822 732 videtur
850 669 1392 749 perturbavisse.
1427 667 1529 730 Ea
1548 685 1736 746 ver0‚
1771 685 1947 746 quae
1968 667 2182 729 statui
2203 671 2515 745 possunt,
2546 665 2680 727 iam
2702 665 3061 726 indicabo„

547 773 700 836 Non
749 792 915 837 casu
963 777 1200 853 utique
1249 772 1507 836 iactum
1555 778 1680 848 est,
1726 779 1804 834 ut
1850 771 2181 846 IsidoruS,
2227 773 2636 850 priusquam
2686 769 2771 832 de
2819 769 3043 831 elocu-

341 876 553 940 tionis
599 879 976 942 virtutibus
1023 878 1444 959 loqueretur,
1490 880 1962 957 praemitteret
2006 877 2191 938 illam
2222 874 2671 937 sententiam:
2721 870 2865 934 Iam
2894 892 3047 933 vero

339 978 788 1044 elocutionibus
848 979 944 1046 sic
1007 982 1108 1043 uti
1167 979 1488 1065 oportebit,
1535 990 1606 1044 ut
1649 1002 1767 1060 res,
1843 977 2030 1059 locus,
2086 989 2347 1062 tempus,
2399 999 2685 1063 persona
2728 975 3046 1040 audientis

340 1081 669 1170 efflaqitat
717 1090 808 1169 (p.
859 1096 999 1164 515,
1053 1093 1126 1150 17
1152 1089 1297 1168 sq.).
1361 1089 1596 1167 Neque
1642 1088 1932 1151 dubium
1986 1085 2157 1148 mihi
2204 1093 2325 1164 est,
2390 1088 2555 1164 quin
2604 1088 2750 1148 eius
2798 1090 3044 1146 auctor

341 1195 644 1270 primum
709 1195 1038 1257 universa
1102 1194 1188 1256 de
1243 1192 1634 1256 elocutione
1680 1195 1919 1272 egerit.
1974 1190 2111 1254 Sed
2160 1189 2486 1270 quoniam
2538 1189 2786 1252 Isidori
2832 1190 3047 1251 verba

343 1299 510 1358 satis
577 1299 1008 1378 respondent
1063 1300 1172 1361 his
1217 1297 1379 1360 Iulii
1424 1298 1774 1360 Severiani
1824 1296 1913 1376 (p.
1964 1303 2107 1373 356,
2172 1299 2251 1356 22
2276 1296 2439 1374 sq.):
2486 1290 2786 1354 Mna-ima
2830 1292 3047 1378 itaque

341 1421 450 1460 ars
511 1401 632 1462 erit
682 1422 924 1484 sempev·
980 1401 1482 1485 circumspicere,
1549 1398 1705 1486 quid
1753 1420 2082 1483 personae,
2150 1395 2306 1484 quid
2372 1395 2519 1472 loco,
2577 1395 2735 1485 quid
2778 1396 3051 1479 tempori

343 1507 694 1583 conveniat,
753 1507 1031 1572 Celsum
1090 1511 1161 1571 in
1208 1509 1412 1570 huius
1459 1508 1952 1588 disputationis
1998 1506 2200 1569 initio
2244 1505 2329 1567 de
2378 1506 2662 1584 antiqua
2710 1505 2829 1566 illa
2872 1502 3044 1565 divi-

343 1612 559 1689 sione,
630 1613 827 1692 ‘quae
873 1613 1055 1675 inter
1100 1613 1368 1676 Atticos
1417 1619 1620 1690 atque
1686 1613 1977 1675 Asianos
2024 1610 2177 1672 fuit’
2227 1608 2540 1691 (Quintil.
2600 1609 2731 1671 XII
2783 1614 2879 1684 10,
2939 1605 3044 1688 16)

330 1718 568 1792 'egisse
617 1716 882 1796 opinor.
933 1717 1180 1780 Utrum
1227 1734 1398 1780 vero
1433 1717 1570 1780 iam
1617 1719 1747 1779 hoc
1793 1717 1948 1778 loco
1996 1715 2207 1777 etiam
2239 1715 2370 1777 tria
2402 1714 2517 1776 illa
2551 1719 2739 1776 recte
2772 1711 3046 1776 dicendi

345 1836 604 1896 genera
642 1821 1050 1884 tractaverit
1096 1839 1181 1884 an
1228 1827 1490 1901 postea,
1538 1821 1916 1884 diiudicare
1963 1838 2103 1883 non
2151 1819 2391 1882 ausim.

556 1924 663 1986 Ad
709 1925 988 1989 dicendi
1020 1926 1321 1989 virtutes
1367 1932 1438 1988 et
1480 1925 1646 1988 vitia
1676 1929 2029 2006 pertinent
2058 1923 2316 1986 Isidori
2348 1924 2593 2004 capitis
2625 1923 2794 1985 XVI.
2828 1923 3047 1986 altera

349 2045 514 2107 pars
579 2036 648 2092 et
709 2037 934 2094 totum
981 2037 1188 2111 caput
1233 2031 1378 2093 XX.
1424 2031 1848 2111 Episcopum
1898 2029 2381 2109 Hispalensem
2447 2029 2519 2091 in
2584 2027 3045 2090 exscribendo

347 2136 795 2213 neglegenter
826 2138 1050 2214 egisse
1085 2143 1292 2215 atque
1324 2153 1436 2197 res
1470 2135 1877 2198 coniunctas
1910 2133 2271 2196 discidisse
2305 2138 2373 2196 et
2406 2132 2749 2196 divellisse
2782 2139 3048 2195 certum

348 2243 470 2300 est.
536 2237 723 2301 Nihil
787 2240 972 2303 enim
1040 2241 1208 2304 dicit
1272 2241 1358 2303 de
1425 2246 1666 2302 ornate
1730 2240 2049 2316 dicende,
2112 2239 2474 2301 nisi-forte
2522 2237 2697 2301 illud
2742 2238 3049 2300 suaviter

346 2342 530 2404 idem
553 2343 956 2422 significare
989 2347 1311 2407 statueris
1344 2351 1552 2424 atque
1585 2349 1843 2407 ornate.
1878 2343 2143 2406 Deinde
2162 2343 2351 2420 vitia,
2386 2359 2566 2422 quae
2600 2349 3048 2421 opponuntur

346 2446 849 2528 perspicuitati,
897 2449 1254 2529 copulavit
1301 2467 1455 2512 cum
1506 2450 1607 2526 iis,
1663 2467 1842 2528 quae
1890 2448 2244 2511 contraria
2291 2453 2455 2509 sunt
2500 2447 2776 2510 ornatui
2828 2444 2942 2526 (cf.
2993 2465 3047 2508 c.

348 2552 542 2630 XX.),
590 2559 739 2614 tum
789 2553 1065 2616 demum
1098 2555 1372 2618 transiit
1403 2553 1489 2616 ad
1537 2572 1632 2628 ea,
1675 2572 1851 2633 quae
1883 2555 2268 2616 orationem
2300 2547 2604 2612 extollunt
2635 2558 2691 2610 et
2722 2557 3049 2612 emor-nant.

352 2655 484 2718 Hic
533 2655 707 2720 ordo
757 2677 897 2721 non
929 2665 1160 2738 potest
1194 2677 1344 2722 esse
1374 2661 1738 2738 genuinus.
1784 2658 1919 2721 Sed
1951 2657 2251 2721 fortasse
2282 2657 2463 2734 inde,
2497 2656 2687 2736 quod
2719 2657 3050 2730 IsidoruS,

351 2766 718 2839 postquam
785 2763 870 2825 de
936 2763 1122 2826 vitiis
1189 2763 1378 2840 dixit,
1454 2764 1540 2826 ad
1605 2769 1925 2826 ornatum
1990 2763 2217 2839 rediit,
2283 2761 2610 2842 colligere
2674 2778 3045 2841 possumus

352 2863 645 2941 Celsum,
700 2885 856 2928 cum
915 2876 1232 2931 ornatum
1292 2873 1721 2931 tractaturus
1777 2875 1978 2942 esset,
2026 2867 2269 2930 eodem
2326 2866 2535 2930 modo
2582 2871 2791 2944 atque
2837 2865 3045 2940 Quin·

352 2968 670 3032 tilianum
703 2972 896 3049 prius
929 2988 1032 3046 ea,
1067 2989 1247 3050 quae
1278 2973 1435 3034 huic
1466 2972 1651 3034 laudi
1683 2979 1846 3034 sunt
1878 2973 2238 3047 contraria,
2270 2987 2863 3033 commemorasse.
2886 2968 3049 3032 Cor-

351 3075 574 3136 nelius
607 3074 821 3152 igitur
853 3077 1152 3153 primum
1188 3076 1274 3138 de
1305 3076 1546 3138 Latine
1568 3076 1862 3138 dicendo
1897 3075 2178 3138 videtur
2209 3077 2466 3154 egisse3
2504 3074 2590 3138 ad
2623 3077 2804 3137 hunc
2824 3073 3051 3137 locum

351 3177 721 3240 referenda
755 3187 916 3240 sunt
961 3180 1428 3259 fragmentum
1465 3187 1562 3242 13.
1595 3187 1662 3244 et
1694 3171 1947 3244 Isidori
1978 3180 2226 3242 verba:
2266 3175 2485 3241 Latine
2515 3188 2724 3240 autem
2758 3175 3051 3264 loquitur,

353 3278 469 3365 qui
525 3277 721 3343 verba
781 3301 996 3342 rerum·
1057 3302 1212 3344 vera
1274 3291 1331 3344 et
1393 3281 1730 3345 natm-alia
1792 3281 2195 3366 persequitur
2257 3304 2367 3345 nec
2429 3305 2471 3344 a
2534 3303 2813 3346 sermone
2862 3290 3046 3368 atque

351 3381 522 3446 cultu
565 3385 918 3469 praesentis
963 3384 1257 3470 temporis
1287 3385 1622 3472 discrepat.
1670 3388 1997 3451 Fortasse
2030 3387 2141 3450 hic
2190 3407 2468 3468 quoque
2515 3389 2601 3452 de
2632 3388 2869 3451 verbis
2915 3392 3049 3450 iam

353 3489 701 3553 inusitatis
766 3490 1262 3570 disputaverat.
1329 3492 1592 3555 Deinde
1660 3493 1999 3556 transisse
2059 3493 2331 3555 videtur
2384 3493 2471 3554 ad
2526 3495 2891 3573 perspicue
2952 3493 3049 3556 lo·

353 3595 614 3672 quendi
660 3602 1122 3674 praeceptum,
1170 3614 1310 3675 quo
1356 3597 1427 3659 in
1476 3597 1937 3660 describendo
1973 3615 2125 3659 eum
2158 3597 2275 3659 illa
2308 3599 2490 3675 vitia,
2523 3615 2697 3676 quae
2729 3596 3049 3660 Isidorus

354 3717 408 3762 c.
453 3698 614 3775 XX„
681 3717 719 3761 a
766 3717 830 3778 p.
880 3705 1024 3778 516,
1090 3703 1168 3761 28
1219 3718 1440 3780 usque
1486 3701 1572 3764 ad
1619 3719 1680 3780 p.
1733 3706 1875 3776 517,
1947 3709 2000 3780 6,
2046 3703 2292 3780 attigit,
2358 3701 2761 3781 diligentius
2820 3702 3049 3782 expla-

355 3820 558 3866 nasse
623 3804 987 3883 probabile
1035 3810 1159 3868 est.
1199 3807 1394 3870 .Tum
1460 3824 1616 3868 eum
1679 3807 1861 3884 vitia,
1910 3824 2083 3886 quae
2146 3810 2420 3869 ornatui
2469 3807 2823 3870 contraria
2870 3814 3051 3880 sunt,

355 3913 422 3970 et
467 3907 698 3988 ipsum
747 3916 1074 3972 ornatum
1108 3917 1440 3973 tractasse
1487 3917 1592 3972 est
1639 3913 1787 3973 veri
1835 3911 2087 3980 simile;
2136 3912 2221 3973 ad
2269 3929 2475 3991 quam
2507 3929 2654 3974 rem
2703 3911 2784 3974 fr.
2836 3919 2935 3973 14.
2987 3919 3053 3974 et

357 4012 606 4075 Isidori
670 4013 919 4076 verba:
975 4011 1310 4095 Fuyienda
1371 4022 1521 4076 sunt
1566 4035 1809 4101 quoque
1879 4036 1941 4096 q.
1994 4035 2043 4078 s.
2108 4018 2474 4080 referenda
2540 4023 2717 4079 sunt.
2786 4017 3051 4088 Quibus

354 4117 426 4179 in
473 4117 667 4179 vitiis
715 4119 1161 4198 designandis
1207 4119 1576 4200 episcopus
1623 4122 2052 4201 Hispalensis
2093 4138 2341 4198 rursus
2389 4122 2842 4202 neglegenter
2874 4122 3049 4200 egit;

355 4239 515 4283 nam
575 4241 715 4284 non
772 4224 996 4286 solum
1052 4242 1152 4299 ea,
1213 4243 1386 4303 quae
1441 4225 1526 4287 ad
1583 4227 1759 4287 hanc
1808 4243 1954 4287 rem
2002 4227 2370 4305 pertinent,
2429 4227 2882 4303 enumeravit,
2930 4229 3052 4289 sed

358 4343 436 4388 ea
483 4344 779 4406 quoque,
825 4346 998 4406 quae
1046 4347 1255 4408 supra
1297 4331 1684 4408 descripsit,
1728 4331 1917 4392 velut
1958 4332 2444 4410 acyrologiam,
2492 4333 3047 4411 perissologiam3

359 4430 654 4494 fortasse
702 4432 891 4510 quod
947 4431 1190 4495 Celsus
1246 4435 1410 4496 haec
1457 4436 1620 4496 vitia
1666 4452 1704 4496 a
1750 4436 2223 4514 grammaticis
2280 4437 2613 4515 explicari
2660 4438 3051 4515 scripserat,

359 4535 692 4613 IsidoruS,
757 4543 832 4598 ut
893 4539 1062 4599 haec
1128 4541 1408 4600 nomina
1473 4558 1557 4600 ex
1622 4542 2069 4617 grammatica
2143 4540 2407 4620 (Origg.
2452 4540 2485 4601 I
2551 4541 2659 4618 34)
2728 4543 3050 4602 transcri-

361 4641 573 4715 beret,
647 4641 970 4704 inductus
1027 4649 1150 4704 est.
1209 4642 1602 4706 Cornelium
1685 4651 1915 4706 autem
1982 4647 2367 4706 accuratius
2433 4646 2517 4706 de
2586 4645 2777 4706 vitiis
2824 4645 3052 4723 egisse

361 4745 604 4807 eodem
672 4744 1066 4823 fragmento
1135 4751 1231 4808 14.
1316 4747 1665 4810 docemur.
1747 4749 1985 4826 Neque
2070 4749 2296 4809 minus
2369 4749 2535 4810 mihi
2601 4756 2865 4812 certum
2949 4755 3053 4810 est

363 4867 516 4911 eum
564 4851 692 4909 hoc
743 4849 895 4910 loco
945 4849 1029 4910 de
1085 4851 1363 4928 enargia
1413 4857 1480 4911 et
1529 4850 1858 4929 emphasi,
1910 4869 2082 4928 quae
2134 4856 2487 4926 vocantur,
2540 4857 2607 4913 et
2650 4851 2733 4913 de
2783 4854 3051 4914 ratione
