3567 5109
1690 360 1775 370 —
1873 325 1996 387 118
2091 361 2174 370 -——

570 532 821 597 nullum
868 533 1233 616 exemplum
1281 541 1381 600 est
1426 573 1512 582 —--
1558 557 1691 599 non
1739 535 1988 600 recedit
2025 536 2108 600 ab
2147 558 2270 601 usu
2305 535 2639 603 Plautino.
2691 537 2935 603 Mediis
2983 539 3052 602 in
3105 538 3304 602 versi-

568 640 691 704 bus
727 640 1051 705 breviores
1089 640 1336 706 formas
1374 641 1737 708 invenimus
1776 643 1871 725 (A
1896 645 2020 708 100
2058 645 2302 724 circlos,
2343 647 2470 710 207
2503 645 2847 729 periclum,
2888 647 3022 710 624
3061 646 3302 720 oracla,

568 768 664 830 pr.
710 752 741 813 1
783 749 1066 833 pericli),
1114 747 1476 832 longiorem
1521 751 1589 813 in
1638 749 1936 815 clausula
1984 751 2142 834 (249
2189 752 2497 833 circulis).

1242 1033 1331 1114 II.
1386 1033 1491 1116 Dc
1548 1055 1635 1115 re
1690 1033 2028 1115 metrica
2083 1033 2164 1116 et
2217 1033 2614 1136 prosodia.

780 1244 948 1310 Rem
988 1247 1325 1312 metricam
1362 1253 1671 1328 tractare,
1713 1270 1861 1313 cum
1891 1248 2110 1314 lacera
2141 1247 2658 1332 fragmentorum
2686 1247 3074 1313 condicione
3107 1247 3302 1312 valde

470 1363 475 1368 ’
566 1351 955 1435 impeditum
1003 1354 1090 1418 sit
1134 1360 1201 1418 et
1246 1361 1521 1437 uterque
1568 1363 1765 1438 poeta
1813 1357 1880 1420 in
1917 1357 2292 1421 universum
2327 1355 2524 1438 legeS,
2573 1375 2740 1438 quas
2769 1355 2949 1438 apud
2976 1354 3302 1419 Plautum

566 1458 948 1539 invenimuS,
998 1460 1457 1540 observaverit,
1507 1463 2018 1545 supersederem,
2067 1463 2191 1528 nisi
2239 1484 2384 1527 eam
2424 1461 2666 1528 Goette
2713 1463 2782 1526 in
2821 1462 3300 1546 disputatione,

570 1587 769 1649 quam
807 1567 1023 1646 attuli,
1072 1570 1394 1652 tetigisset
1422 1572 1513 1654 (p.
1559 1573 1660 1648 14,
1714 1572 1824 1652 15)
1871 1570 1938 1634 in
1966 1569 2300 1636 nonnullis
2345 1571 2539 1635 rebus
2587 1591 2786 1652 pravo
2835 1569 3078 1634 iudicio
3121 1589 3301 1633 usus·

566 1671 651 1736 Id
711 1671 912 1738 facile
977 1675 1331 1755 vitavisset,
1398 1678 1452 1740 si
1518 1698 1649 1742 non
1714 1676 1925 1742 solum
1992 1678 2590 1756 commentationeS,
2657 1698 2823 1759 quas
2871 1675 3178 1741 Ribbeck
3235 1679 3300 1738 et

566 1779 841 1862 Langen
910 1780 1149 1846 abhinc
1216 1785 1696 1867 quinquaginta
1760 1784 1900 1849 fere
1969 1807 2178 1850 annos
2235 1785 2782 1867 conscripserunt,
2831 1782 3297 1856 consuluisset,

566 1908 792 1950 verum
848 1888 1047 1954 etiam
1104 1893 1466 1956 recentiora
1514 1893 1732 1956 studia
1780 1894 1846 1956 in
1903 1893 2026 1957 hac
2078 1915 2145 1957 re
2195 1892 2539 1970 collocata,
2607 1890 2844 1974 quibus
2890 1889 3298 1973 permultum

569 1994 989 2076 profecimus,
1039 1998 1105 2060 in
1153 2019 1340 2062 usum
1381 2021 1569 2062 suurn
1610 2000 2051 2064 convertisset.
2103 1999 2328 2082 Atque
2358 2021 2438 2063 ne
2469 1999 2606 2062 viro
2637 1997 3013 2062 doctissimo
3043 2003 3294 2060 temere

566 2099 935 2166 obtrectare
966 2104 1211 2184 videar,
1250 2104 1567 2170 nonnulla
1605 2127 1686 2170 ex
1721 2107 1822 2182 iis,
1863 2128 2032 2190 quae
2075 2107 2435 2189 proposuit,
2477 2105 2938 2170 examinemus..
2983 2101 3296 2184 Exempli

568 2207 781 2290 gratia
829 2209 1035 2275 Accio
1086 2213 1176 2295 (p.
1222 2213 1330 2294 15)
1380 2213 1730 2296 opprobrio
1771 2213 1906 2291 dat,
1957 2213 2135 2298 quod
2169 2215 2384 2277 m'nn‘a
2411 2234 2568 2276 sane
2602 2213 2878 2276 audacia
2913 2211 3294 2295 saepissime

564 2314 641 2378 in
686 2317 886 2381 altero
932 2324 993 2382 et
1035 2327 1265 2402 quarto
1312 2322 1473 2406 pede
1525 2323 1882 2406 spondeum
1921 2343 2048 2404 pro
2101 2320 2316 2385 iambo
2363 2318 2717 2384 admiserit.
2811 2317 2908 2382 At
2953 2319 3294 2382 scaenicos

566 2421 903 2488 Romanos
950 2424 1193 2490 duritia
1240 2433 1439 2510 atque
1488 2428 1843 2510 asperitate
1891 2426 2154 2510 linguae
2194 2427 2514 2491 adductos
2543 2425 2752 2508 legem
2780 2424 2963 2490 illam
2995 2421 3292 2490 Graeco·

569 2550 713 2592 rum
761 2530 839 2595 de
887 2533 1069 2613 puris
1118 2534 1353 2598 iambis
1400 2535 1467 2598 in
1516 2533 1779 2599 sedibus
1827 2533 2098 2615 paribus
2147 2533 2546 2598 collocandis
2594 2553 2724 2596 non
2773 2531 3092 2613 recepisse
3143 2550 3290 2612 per-

566 2643 795 2700 notum
860 2646 986 2718 est3
1056 2661 1351 2705 normam
1416 2663 1589 2720 vero,
1657 2662 1856 2723 quam
1923 2648 2156 2722 poetae
2207 2639 2509 2719 Romani,
2577 2645 2651 2703 ut
2701 2636 3108 2704 Graecorum
3159 2637 3286 2702 ele-

564 2745 879 2825 gantiam,
946 2748 1124 2828 quod
1188 2749 1327 2812 eius
1392 2749 1532 2812 fieri
1596 2750 1829 2831 potuit,
1897 2748 2432 2830 adsequerentur,
2481 2746 2603 2810 sibi
2652 2751 3156 2828 proposuerunt,
3215 2749 3290 2808 ut

565 2872 720 2916 voce
786 2854 1144 2936 spondiaca
1210 2855 1311 2919 vel
1376 2856 1443 2919 in
1500 2855 1864 2937 spondeum
1923 2855 2197 2920 cadente
2253 2854 2536 2919 alterum
2582 2859 2648 2918 et
2694 2857 3000 2935 quartum
3050 2850 3288 2933 pedem

564 2957 847 3039 explere,
896 2960 1010 3024 ubi
1056 2969 1345 3043 possent,
1402 2963 1705 3042 vitarent,
1761 2961 1935 3027 hanc
1983 2982 2279 3026 normam
2327 2959 2572 3024 Accius
2619 2979 2872 3042 semper
2919 2957 3288 3022 observa-vit

565 3086 779 3150 neque
812 3067 1023 3131 minus
1054 3068 1401 3147 Pacuvius,
1434 3069 1557 3132 nisi
1596 3069 1773 3152 quod
1813 3069 1912 3132 bis
1950 3068 2150 3133 talem
2188 3067 2548 3149 spondeum
2577 3067 2700 3130 sibi
2729 3063 3078 3130 indulsisse
3107 3064 3284 3128 vide-

564 3179 701 3235 tur:
752 3195 804 3236 v.
835 3175 963 3239 278
1003 3173 1297 3239 Aetatem
1344 3177 1667 3260 adimeyas
1703 3177 2101 3240 cruciatum
2135 3176 2489 3256 reticentia,
2535 3173 2650 3237 ubi
2695 3178 3066 3250 excusatur,
3108 3169 3286 3253 quod

565 3279 963 3343 antecedens
1001 3281 1169 3344 arsis
1209 3280 1527 3346 dissoluta
1566 3289 1666 3346 est
1704 3289 1770 3346 et
1809 3290 2208 3365 anapaestus
2247 3280 2684 3362 subsequitur,
2716 3301 2848 3362 qua
2879 3301 2945 3344 re
2975 3277 3284 3355 efficitur,

564 3391 641 3448 ut
685 3387 971 3450 numeris
1020 3388 1226 3470 magis
1266 3389 1611 3454 concitatis
1650 3389 1982 3472 spondeus
2021 3388 2505 3472 quodammodo
2544 3388 2775 3452 furtim
2813 3384 3282 3462 transiliatur¹,

566 3498 634 3554 et
679 3513 733 3553 v.
779 3494 980 3574 58s59
1030 3495 1205 3570 Quid
1237 3497 1408 3560 istm·
1445 3499 1577 3560 est?
1624 3500 1876 3561 mltum
1912 3499 2185 3580 eale'yat
2218 3519 2381 3580 quae
2420 3496 2738 3559 tre'ste‘tas?
2771 3514 2902 3576 quo
2933 3492 3079 3557 loco
3110 3490 3283 3554 diffi-

564 3596 778 3662 cultas
825 3597 1097 3678 tollitur‚
1146 3601 1201 3663 si
1249 3602 1519 3667 consilio
1568 3603 1928 3668 Pacuvium
1974 3602 2266 3684 longiore
2326 3610 2393 3667 et
2439 3601 2730 3684 graviore
2779 3599 2977 3666 verbo
3024 3599 3118 3662 ita
3167 3619 3284 3680 po-

564 3703 691 3768 sito
755 3705 1085 3787 ingratum
1148 3708 1353 3772 animi
1417 3709 1755 3774 adfectum
1822 3710 2174 3792 depingere
2232 3708 2512 3773 voluisse
2579 3707 2923 3786 sumimus;
2993 3703 3173 3789 quod
3229 3705 3284 3768 si

564 3812 777 3876 minus
815 3811 1212 3894 probaveriS,
1260 3815 1666 3881 Buechelero
1708 3817 1870 3880 duce
1910 3816 2110 3880 verba
2147 3815 2264 3880 tibi
2305 3821 2734 3897 transponere
2774 3812 3000 3877 licebit
3025 3813 3284 3876 vultum

564 3939 727 4002 quae
772 3921 1009 4004 ealiyat
1055 3922 1371 3986 tri-stitus?
1423 3923 1659 4004 Itaque
1707 3925 1774 3987 in
1823 3923 1948 3986 hac
1987 3945 2056 3986 re
2089 3921 2334 3986 Accius
2373 3921 2634 3986 minime
2665 3919 2984 3984 audaciae
3012 3917 3283 3982 insimu-

562 4023 801 4090 landus
849 4033 1010 4092 erat.
1058 4027 1291 4111 Neque
1344 4050 1511 4113 quae
1563 4029 1641 4094 de
1690 4029 1983 4112 spondeo
2033 4029 2333 4113 quintum
2381 4027 2612 4110 pedem
2659 4026 2987 4092 efficiente
3039 4021 3286 4090 Goette

562 4133 885 4215 exposuit,
951 4134 1170 4199 laudo.
1262 4135 1527 4200 Etenim
1572 4136 1916 4201 Diomedis
1964 4135 2258 4218 regulam
2306 4134 2447 4202 GL.
2493 4135 2530 4198 I
2578 4136 2728 4213 507,
2787 4154 2983 4216 quam
3028 4131 3281 4196 adfert:

559 4241 882 4305 iambicus
930 4244 1211 4325 trayieus
1252 4291 1265 4305 .
1300 4291 1313 4306 .
1349 4291 1363 4306 .
1402 4266 1532 4308 sem
1530 4266 1653 4328 per
1697 4246 1928 4328 quinto
1976 4245 2105 4308 loco
2149 4244 2503 4328 spondeum
2553 4241 2812 4326 recipia-
2871 4241 3063 4304 aliter
3105 4240 3216 4302 eni
3220 4261 3280 4303 m

560 4369 691 4410 esse
728 4369 859 4412 non
892 4355 1105 4433 potest
1141 4351 1441 4434 trayicus,
1490 4349 1577 4414 ad
1604 4349 1890 4415 Neronis
1921 4356 2204 4415 aetatem
2234 4355 2554 4431 spectare,
2601 4346 3005 4430 temporibus
3033 4344 3282 4410 liberae

563 4453 657 4516 rei
694 4454 995 4535 publicae
1037 4455 1327 4520 nondum
1366 4456 1643 4522 valuisse
1673 4455 2018 4540 Augustus
2045 4456 2269 4521 Luchs
2296 4456 2364 4520 in
2395 4453 2924 4538 ‘Quaestionibus
2951 4453 3282 4530 metricis’,

564 4581 735 4644 quae
780 4560 848 4623 in
898 4561 1336 4626 Studemundi
1384 4562 1658 4628 ‘Studiis
1705 4565 1773 4628 in
1823 4563 2071 4645 priscos
2101 4563 2451 4645 scriptores
2489 4560 2784 4625 Latinos’
2835 4581 2892 4623 v.
2931 4559 2984 4624 Ι.
3032 4556 3281 4642 publici

780 4737 797 4769 ¹
838 4739 1141 4806 Complura
1186 4741 1325 4792 talia
1364 4742 1619 4809 exempla
1658 4743 1936 4811 congessit
1973 4741 2164 4808 Klotz,
2213 4739 2574 4809 ‘Grundziige
2615 4737 3002 4790 alti-&mischer
3039 4735 3276 4790 Metrik‘

559 4845 612 4894 p.
653 4827 774 4881 325.
