3567 5109
1629 293 1738 359 “-
1836 314 1958 376 112
2050 349 2127 358 -

538 507 707 565 riam
770 509 1060 568 transiit.
1127 506 1352 576 Quare
1415 506 1700 568 Fabium
1765 510 1913 568 cius
1980 505 2239 569 fontem
2307 524 2443 570 non
2518 505 2668 568 esse
2732 508 2899 570 mihi
2953 509 3231 572 videtur

540 627 892 687 apparere.
3094 608 3098 613 ’
3212 607 3221 614 ’

712 713 800 775 Ut
847 717 978 776 iam
1033 717 1286 790 omnia,
1337 732 1511 792 quae
1569 715 1654 776 de
1688 715 2027 794 capitibus
2074 715 2443 778 XVI—XX
2494 716 3011 795 disputavim11S‚
3062 736 3241 779 com-

538 820 950 896 plectamur:
987 838 1124 882 non
1160 837 1373 898 pauca
1407 822 1853 898 reperiuntur
1899 822 1969 881 in
2016 819 2265 882 Isidori
2303 821 2386 882 de
2422 822 2807 884 elocutione
2839 825 3245 901 praeceptiS‚

540 941 713 1000 quae
779 941 1001 1002 neque
1067 941 1150 986 ex
1217 924 1572 987 Ciceronis
1638 943 1861 1003 neque
1920 943 2003 986 ex
2071 924 2473 997 Quintiliani
2520 929 2793 1004 scriptis
2861 926 3243 1002 fluxerunt;

542 1027 789 1090 similia
836 1015 1062 1090 autem
1115 1048 1248 1091 non
1299 1036 1460 1092 sunt
1526 1030 1885 1106 eiusmodi,
1942 1048 2114 1108 quae
2162 1030 2250 1091 ad
2294 1030 2421 1091 hos
2466 1029 2709 1092 referri
2762 1037 3103 1111 oporteat,
3150 1039 3245 1094 at-

541 1150 674 1211 que
741 1133 931 1210 ade0,
980 1137 1036 1195 si
1102 1135 1351 1196 Isidori
1401 1135 1655 1198 indolis
1702 1139 2041 1197 rationem
2108 1136 2446 1211 habueriS,
2494 1153 2572 1197 ea
2619 1154 2702 1197 ex
2752 1136 2883 1198 illis
2934 1135 3246 1198 fontibus

541 1237 782 1301 hausta
816 1257 965 1300 esse
1013 1241 1315 1318 negabis
1367 1239 1570 1302 Hunc
1601 1241 1814 1317 igitur
1860 1246 2213 1301 auctorem
2265 1241 2607 1319 quendam
2655 1239 3053 1302 adhibuisse
3088 1259 3245 1303 con·

539 1343 897 1418 tenderim,
931 1347 1047 1422 qui
1081 1343 1482 1406 Ciceronem
1531 1347 1619 1405 sit
1666 1351 1943 1406 secutus
1989 1362 2213 1423 eoque
2282 1345 2745 1416 Quintilianus
2794 1347 3027 1407 multis
3074 1345 3247 1407 locis

541 1465 708 1508 usus
756 1451 862 1510 sit.

750 1552 918 1624 Quis
984 1560 1208 1615 autem
1289 1557 1378 1615 sit
1442 1553 1556 1615 ille
1621 1561 1881 1630 auctor,
1947 1558 2277 1632 cognosci
2344 1572 2550 1634 posse
2621 1557 2869 1631 opinor
2932 1571 3019 1614 ex
3067 1554 3246 1617 Iulio

542 1657 936 1731 SeverianO,
989 1675 1072 1719 ex
1121 1676 1258 1736 quo
1307 1659 1593 1720 eandem
1642 1663 2073 1734 sententiam,
2118 1678 2322 1738 quam
2356 1658 2667 1722 Isidorus
2714 1660 2955 1735 primis
3004 1661 3247 1737 capitis

542 1760 716 1823 XVI.
761 1762 992 1823 verbis
1041 1759 1218 1842 (Iam
1265 1782 1414 1823 vcro
1463 1759 1937 1825 elocutionibus
1970 1761 2063 1825 sic
2116 1761 2214 1824 uti
2246 1760 2587 1846 oportebit,
2636 1768 2707 1821 ut
2756 1781 2859 1822 res
2904 1755 2985 1840 q.
3021 1763 3099 1840 S.)
3137 1781 3249 1824 ex-

541 1869 793 1943 primit,
842 1865 1018 1928 Celsi
1068 1867 1278 1929 fuisse
1326 1869 1567 1929 elucet.

837 1985 943 2038 Iul.
981 1987 1109 2038 Sev.
1148 2003 1201 2051 p.
1239 1992 1358 2054 356,
1401 1993 1462 2039 16
1483 2003 1550 2040 ss.
1888 1995 1895 2061 1
2275 1991 2477 2040 Isidor.
2516 2003 2569 2052 p.
2607 1993 2728 2053 515,
2769 1990 2830 2037 17
2852 2001 2933 2050 sq.

687 2088 794 2156 Eyo
847 2107 974 2141 cero·
1020 2092 1187 2156 ipsum
1222 2099 1472 2142 oratorem
1529 2094 1714 2158 eltyere
1752 2113 1839 2145 ar·
1890 2100 1894 2167 ξ
2088 2095 2203 2144 Iam
2238 2109 2352 2142 vero
2378 2091 2729 2142 elocutionibus
2772 2093 2847 2140 sic
2880 2093 2955 2140 uti
2988 2091 3246 2154 oportebit,

543 2178 702 2228 bitror
737 2185 785 2229 et
811 2179 1040 2242 probare
1070 2195 1231 2244 yenm
1266 2183 1526 2246 orationis,
1561 2199 1656 2247 quo
1679 2185 1842 2246 maffia
1946 2189 1999 2232 ut
2024 2198 2123 2242 res,
2153 2181 2342 2241 locus,
2381 2187 2580 2242 tempu
2593 2196 2635 2242 ε,
2668 2194 2955 2240 persona
2982 2179 3247 2228 ατιᾱίοτιείε

550 2268 670 2329 capi
723 2283 866 2316 mum
921 2267 1132 2316 indicem
1186 2271 1415 2320 emiserit.
1490 2269 1660 2318 Aliter
1715 2278 1843 2333 aput
1950 2270 2229 2332 qtflaqitat.

549 2368 674 2421 eunt,
732 2370 877 2418 quem
931 2354 1083 2406 latior·
1135 2354 1400 2405 delectabit
1453 2359 1633 2420 oracio,
1692 2357 1845 2407 aliter

551 2448 678 2503 aput
715 2457 840 2506 enm,
878 2459 1025 2506 quem
1061 2441 1366 2508 adeo-ictior,
1406 2444 1557 2494 aliter
1594 2451 1722 2507 almt
1756 2461 1840 2494 su-
1892 2477 1896 2516 ς

539 2530 808 2590 perior-em,
830 2529 982 2578 aliter
1001 2537 1126 2592 aput
1146 2532 1439 2588 inferiorem
1461 2572 1471 2582 .
1494 2567 1507 2580 .
1529 2572 1541 2583 .
1565 2571 1577 2584 .
1605 2531 1844 2581 Maxima
1893 2523 1897 2580 ἶ

546 2617 720 2678 itaque
730 2632 819 2665 aro
831 2617 926 2665 erit
936 2632 1133 2679 semper
1153 2619 1547 2681 circunupicerc‚
1570 2617 1692 2682 quid
1701 2635 1746 2681 p
1756 2634 1783 2669 o
1794 2635 1842 2666 r·
1893 2586 1897 2725 ἰ

543 2717 758 2766 sonae,
787 2703 911 2766 quid
935 2703 1079 2763 loco,
1107 2704 1231 2767 quid
1266 2707 1530 2768 tempori
1565 2707 1845 2756 convem'a‘.

755 2809 882 2870 His
949 2828 1036 2872 ex
1103 2811 1337 2874 verbis
1405 2813 1604 2874 simul
1673 2818 1977 2891 apparot,
2046 2827 2341 2889 quorum
2422 2811 2561 2869 sive
2642 2810 2833 2869 cuius
2912 2810 3251 2868 rationem

545 2916 861 2977 habuerit
883 2914 1536 2990 QuintilianuS,cum
1559 2916 1725 2978 dicit
1760 2916 1917 2994 (XII
1956 2923 2053 2991 10,
2088 2912 2223 2988 45);
2268 2907 2693 2993 Quapropter
2722 2930 2799 2970 ue
2830 2906 2963 2970 illis
2998 2907 3254 2995 quidem

549 3015 816 3079 nimium
861 3038 1168 3100 rcpuyno,
1218 3019 1335 3103 qui
1371 3015 1664 3080 dandum
1689 3025 1929 3100 putant
1963 3012 2261 3078 nmmihil
2293 3013 2489 3076 etiam
2538 3011 3011 3096 temporibus
3056 3021 3257 3100 atqu-c·

543 3118 874 3182 auribus
919 3118 1198 3182 nitidius·
1230 3117 1490 3207 aliq-uid
1535 3129 1732 3207 atquc
1777 3119 2104 3205 (adfectius
2140 3116 2639 3203 postulantibus
2686 3141 2799 3180 —:
2853 3119 3031 3182 Celsi
3067 3123 3248 3182 enim

546 3231 955 3289 sententiam
1023 3235 1521 3292 commemorat
1585 3235 1653 3290 et
1717 3247 1803 3290 ex
1869 3233 2067 3307 parte
2138 3225 2493 3305 approbat.
2574 3224 2943 3286 Praeterea
3012 3228 3249 3287 nescio

546 3351 630 3394 an
693 3332 902 3394 verba
972 3335 1062 3413 (p.
1132 3339 1274 3411 515,
1343 3337 1423 3394 20
1448 3333 1596 3413 ss,):
1666 3329 1900 3392 Latine
1956 3337 2171 3392 (tutem
2238 3327 2555 3414 loquitur,
2625 3327 2739 3413 que*
2784 3326 2980 3389 verba
3024 3348 3247 3390 rev-um

549 3455 700 3496 vcra
734 3442 791 3495 ct
823 3434 1179 3498 naturalia
1200 3435 1623 3522 per-sequitur
1667 3457 1795 3497 uec
1843 3457 1887 3496 a
1936 3455 2275 3496 sermone
2306 3441 2537 3518 atque
2572 3430 2789 3494 cult-u
2810 3431 3255 3514 praeseutia

547 3538 913 3620 temporis
976 3538 1367 3622 discrepat
1436 3541 1803 3606 referenda
1861 3545 1998 3602 sint
2062 3540 2147 3601 ad
2217 3540 2394 3601 Celsi
2463 3539 2545 3600 fr.
2622 3545 2730 3598 13:
2804 3533 3027 3622 Neque
3092 3537 3249 3600 cuim

545 3640 776 3704 accedo
841 3641 1039 3722 Pelso,
1103 3644 1220 3730 qui
1271 3644 1354 3706 ab
1405 3653 1667 3706 oratore
1725 3642 1925 3705 ‘rorba-
1955 3641 2125 3725 finye'.
2176 3649 2364 3704 vetat.
2441 3643 2702 3704 Deinde
2751 3662 2887 3705 non
2938 3646 3251 3705 omitten-

545 3749 706 3810 dum
741 3768 891 3813 esse
924 3759 1092 3830 puto
1143 3751 1390 3814 Iulium
1450 3751 1892 3814 Severianum
1944 3751 2034 3829 (p.
2105 3755 2247 3822 369,
2318 3749 2423 3826 16)
2493 3748 2921 3810 substantivo
2981 3744 3250 3828 mundi·

545 3850 854 3938 loquium.
922 3857 1268 3918 Isidorum
1355 3859 1446 3936 (p.
1531 3864 1676 3931 515,
1754 3855 1864 3931 23)
1947 3873 2118 3917 voce
2188 3849 2618 3937 qraudilocus
2694 3855 2812 3914 uti.
2888 3853 3248 3914 Post-remo

545 3959 725 4020 Celsi
789 3981 915 4022 nos
964 3975 1372 4036 commonet,
1425 3964 1610 4041 quod
1657 3962 1970 4023 Isidorus
2022 3962 2111 4039 (p.
2164 3965 2308 4036 516,
2357 3960 2422 4037 9)
2492 3960 2805 4037 exemplo
2872 3961 3251 4036 praemittit

544 4064 754 4125 verba
798 4072 871 4125 ut
915 4072 1100 4146 puta,
1149 4086 1350 4146 quam
1403 4067 1730 4146 loquendi
1766 4070 2099 4128 rationem
2142 4067 2289 4127 aliis
2338 4064 2795 4143 scriptoribus
2826 4066 3052 4124 minus
3098 4080 3253 4140 pro—

545 4169 777 4231 batam
804 4171 1001 4232 Celso
1025 4175 1345 4233 usitatam
1371 4173 1580 4233 fuisse
1603 4174 2085 4234 demonstrare
2117 4188 2486 4250 possumus
2519 4187 2602 4229 ex
2636 4168 3007 4230 Medicinae
3039 4167 3256 4240 libris,

543 4279 610 4336 in
680 4275 930 4352 quibus
1001 4282 1068 4335 ut
1115 4283 1289 4356 puta
1355 4278 1662 4339 adverbii
1713 4278 1869 4339 loco
1954 4279 2299 4338 invenitur
2344 4276 2396 4337 I.
2444 4293 2753 4354 prooem.
2801 4293 2863 4353 p.
2916 4281 2971 4336 5.
3020 4273 3151 4348 fin.,
3198 4271 3255 4330 V

544 4383 643 4455 26,
692 4385 766 4440 21
822 4380 956 4455 fin„
1006 4381 1170 4442 VIII
1223 4390 1293 4441 11
1350 4381 1617 4459 med.¹);
1661 4388 1839 4463 puta
1888 4380 1957 4441 ΙΙ
2025 4386 2138 4455 28;
2189 4382 2243 4441 V
2296 4387 2393 4456 19,
2466 4385 2537 4439 11
2609 4379 2763 4454 fin.;
2817 4379 2943 4441 v11
2992 4383 3027 4436 8
3077 4376 3256 4438 med.

560 4503 693 4510 --——

754 4547 789 4606 ¹)
831 4547 900 4594 ef.
939 4547 996 4596 C.
1038 4543 1098 4595 Α.
1143 4546 1383 4598 Brolen:
1423 4547 1508 4594 De
1554 4545 1823 4595 elocutione
1879 4543 1940 4595 A.
1986 4544 2213 4593 t'ornelta·
2264 4543 2399 4593 Gelai
2443 4544 2679 4605 (Upsala
2714 4543 3088 4594 Universitets
3126 4523 3258 4590 firs-

540 4634 722 4683 skritt.
764 4633 920 4696 1872)
962 4648 1016 4695 p.
1056 4637 1138 4683 2¹.
1177 4635 1238 4686 V.
1281 4635 1386 4685 1u1.
1427 4635 1553 4686 Sev.
1592 4648 1644 4697 p.
1685 4637 1805 4696 359,
1860 4637 1952 4685 20:
1990 4639 2044 4680 ut
2075 4638 2224 4693 puta.
2261 4631 2488 4680 validm
2524 4636 2873 4693 argmmentum
2912 4645 2962 4692 q.
3002 4643 3075 4686 sq·
3113 4633 3166 4678 et
3204 4643 3257 4690 p.

543 4723 662 4784 363,
691 4724 745 4771 1:
762 4726 912 4783 puta,
950 4721 1200 4769 innttnuta
1219 4723 1480 4771 neatestas.
1509 4722 1698 4783 Neque
1726 4727 1911 4771 tamen
1951 4721 2305 4770 reticendum
2333 4726 2415 4768 est
2448 4724 2502 4766 ut
2530 4724 2664 4780 puta
2701 4720 2791 4769 vel
2831 4719 2984 4780 apud
3021 4716 3261 4773 Quintil.

541 4809 651 4860 VII
695 4813 738 4872 1,
781 4811 872 4872 143
913 4810 992 4861 XI
1030 4812 1078 4874 3,
1122 4812 1249 4870 1103
1291 4809 1413 4859 Sen.
1454 4810 1512 4860 in
1553 4810 1695 4872 Epp.
1725 4811 1811 4874 47,
1852 4811 1941 4860 15:
1983 4809 2171 4860 Front.
2212 4807 2281 4856 de
2320 4820 2501 4872 aquae
2540 4808 2690 4858 duct.
2728 4809 2795 4858 28
2835 4808 2908 4857 al.
2946 4817 3259 4856 occurrere.

435 5026 522 5094 Ι
