3567 5109
1690 277 2174 338 —166—

568 485 678 550 En
740 483 925 550 lusus
990 485 1353 562 verborum,
1420 507 1615 570 quem
1672 507 1713 550 a
1768 487 2058 552 Pacuvio
2111 487 2182 550 in
2237 486 2490 551 deliciis
2551 485 2852 552 habitum
2911 507 3060 552 esse
3133 485 3330 550 infra

570 591 951 658 videbimus.
1044 591 1349 658 Alterum
1402 595 1699 676 frendere
1746 593 1830 659 de
1885 593 2348 658 effervescente
2395 593 2728 676 Antiopae
2781 596 2904 672 ira,
2973 615 3200 676 quam
3253 599 3330 656 ut
3503 622 3512 665 ι

568 701 835 781 captiva
870 700 1261 782 comprimit,
1301 699 1554 764 dictum.
1588 707 1709 779 est,
1747 701 2028 766 alterum
2067 701 2640 783 onomatopoetice
2677 702 3000 783 crepitum
3029 700 3328 784 frugum

572 805 947 889 significans
992 805 1169 872 valet
1216 807 1539 872 ‘molere’.
3515 829 3520 928 Ι

784 913 889 978 De
954 915 1329 978 accusativo
1394 914 2083 980 determinationis
2145 913 2362 979 brevis
2427 935 2570 980 esse
2626 935 2908 997 possum.
3003 915 3326 980 Unicum

570 1020 941 1104 exemplum
978 1021 1043 1086 A
1063 1023 1193 1087 279
1232 1023 1526 1105 linquam
1556 1024 1944 1106 praepedior
1971 1043 2108 1087 non
2133 1023 2204 1086 in
2231 1021 2420 1086 libris
2447 1029 2566 1100 est,
2607 1022 2724 1086 sed
2759 1020 3064 1086 Ribbeck
3091 1021 3326 1086 finxit.

570 1127 839 1194 Vanum
885 1149 1029 1192 esse
1075 1149 1156 1192 ex
1198 1135 1579 1212 conspectu,
1627 1149 1822 1212 quem
1867 1127 2220 1211 Landgraf
2230 1131 2248 1166 ¹
2296 1131 2572 1211 paravit,
2621 1128 2855 1194 elucet.
2909 1127 3024 1194 Ab
3073 1129 3324 1193 Ennio

570 1235 835 1317 quidem
882 1233 1085 1318 (Ami.
1124 1237 1250 1299 311
1286 1235 1365 1302 V.
1380 1235 1429 1317 ³)
1476 1237 1768 1320 perc-alsi
1803 1242 2066 1320 pectora
2113 1237 2320 1300 Poeni
2363 1243 2980 1316 commemorantur,
3047 1235 3324 1302 formas

570 1349 793 1405 autem
858 1341 1035 1407 verbi
1100 1341 1267 1406 finiti
1332 1343 1401 1406 in
1461 1342 1585 1408 hac
1650 1349 1982 1407 structura
2037 1341 2396 1408 Sallustius
2459 1343 2708 1425 primus
2763 1342 2965 1424 (Hist.
3011 1342 3138 1407 III
3199 1345 3324 1423 24)

570 1447 855 1512 admisit.

1658 1555 1731 1636 b)
1779 1556 1886 1620 De
1931 1556 2211 1620 tiatira

783 1696 1313 1762 Praestantiores
1359 1695 1488 1760 loci
1534 1705 1689 1761 sunt
1736 1695 1832 1760 hi:
1879 1697 1948 1760 in
1987 1696 2044 1760 P
2065 1697 2192 1762 365
2235 1697 2520 1774 Sohtar,
2555 1698 2925 1762 auxiliatur
2961 1699 3316 1762 hortatur-

570 1827 693 1889 que
740 1827 838 1869 nze
886 1803 973 1868 ad
1020 1802 1287 1867 verbum
1342 1802 1705 1869 auxiliandi
1750 1803 1922 1868 milei
1973 1825 2054 1867 ex
2099 1804 2400 1886 sequenti
2447 1825 2544 1869 me
2593 1803 3126 1868 subaudiendum
3175 1811 3312 1869 est.

572 1911 867 1976 Similem
912 1909 1130 1974 locum
1160 1909 1669 1976 ciceronianum
1716 1911 1806 1975 ad
1849 1911 2006 1975 fam.
2033 1909 2222 1974 XIII
2261 1913 2322 1988 4,
2363 1912 2403 1974 3
2442 1916 2523 1974 ut
2555 1917 2610 1976 te
2646 1912 2861 1976 horter
2893 1917 2960 1977 et
2981 1913 3310 1976 suadeam

570 2017 854 2082 Kiihner
880 2019 974 2096 (in
1004 2015 1295 2085 Gramm.
1325 2016 1473 2083 Lat.
1500 2018 1577 2083 II
1607 2020 1761 2100 230)
1799 2017 2035 2097 adfert,
2065 2018 2184 2082 sed
2213 2017 2626 2099 Wesenberg
2655 2023 2724 2082 et
2751 2017 2975 2084 GFW.
3005 2017 3310 2082 Mueller

574 2131 629 2190 te
686 2125 755 2188 in
808 2131 871 2190 et
924 2126 1279 2208 corrigunt.
1365 2125 1431 2189 A
1453 2127 1582 2190 215
1640 2126 1722 2189 Id
1772 2127 1945 2207 quod
1997 2125 2195 2188 multi
2247 2125 2588 2190 inrideant
2647 2125 3062 2190 accusativus
3127 2123 3310 2190 bene

570 2231 852 2296 Latinus
899 2239 1019 2310 est,
1078 2239 1310 2296 contra
1355 2231 1421 2296 A
1444 2236 1572 2296 424
1620 2233 1802 2297 Num
1857 2233 2009 2316 quis
2055 2253 2190 2296 non
2237 2232 2530 2296 mortalis
2583 2232 2808 2315 florem
2855 2232 3134 2296 liberam
3185 2233 3304 2296 in-

572 2339 740 2402 ridit
774 2343 1033 2404 meum?
1084 2339 1401 2406 Cicerone
1440 2338 1653 2405 iudice
1702 2339 1922 2418 (Tusc.
1960 2338 2075 2402 111
2114 2341 2224 2418 20)
2271 2339 2436 2402 male
2472 2338 2713 2402 Latine
2749 2338 3031 2416 ridetur-3
3081 2337 3308 2421 pergit

574 2451 793 2510 autem
840 2467 1131 2510 summus
1185 2445 1296 2511 ille
1341 2446 1728 2511 Latinitatis
1787 2445 2062 2510 arbiter:
2129 2446 2240 2510 sed
2273 2447 2608 2530 praeclare
2653 2444 2926 2507 Accius:
2991 2450 3070 2506 nt
3113 2446 3306 2508 enim

573 2556 591 2586 ‘
608 2553 864 2636 m‘dere’,
927 2555 1023 2618 sie
1086 2555 1399 2619 ‘im·idere
1454 2556 1708 2639 florem'
1768 2555 2010 2619 rectius
2065 2574 2260 2636 quam
2320 2553 2541 2636 ‘flori’.
2637 2551 2774 2614 Nos
2828 2551 3304 2616 consuetudine

562 2662 1023 2746 prohibemm·;
1060 2668 1251 2746 poeta
1296 2663 1405 2724 ius
1450 2683 1649 2726 suum
1702 2662 1914 2726 tenuit
1939 2667 2002 2726 et
2034 2661 2208 2724 dia-it
2239 2660 2574 2724 audacius.
2626 2657 2692 2722 A
2715 2659 2843 2721 354
2889 2657 3094 2721 Tuam
3131 2659 3298 2722 soli-

574 2775 769 2833 tatem
814 2790 1197 2850 ηιεηιοναηε,
1244 2769 1614 2852 formidans
1660 2769 1798 2850 tibi,
1847 2787 2014 2850 quae
2060 2765 2308 2830 locutio
2354 2765 2447 2843 (in
2491 2764 2720 2829 lexicis
2777 2770 2843 2828 et
2889 2762 2973 2827 ab
3021 2762 3302 2828 Holt-zio

575 2876 843 2956 omissa)
907 2898 989 2940 ex
1051 2875 1358 2958 analogia
1404 2873 1679 2939 timendi
1738 2882 1886 2939 orta
1931 2879 2034 2938 est
2079 2895 2133 2937 v,
2187 2871 2406 2937 Plaut.
2463 2869 2710 2954 Amph.
2774 2871 2945 2935 1113
2993 2871 3304 2935 Metuens

564 2983 816 3066 puerve,
865 2983 1034 3046 milei
1074 2983 1461 3066 sormidam,
1510 2980 1747 3046 deinde
1793 2982 1862 3046 in
1912 2979 2305 3058 acrosticho,
2356 2999 2484 3062 quo
2513 2975 2906 3042 Aululariae
2946 2997 3302 3059 argumen-

572 3095 713 3153 tum
760 3089 1354 3172 comprehenditur,
1404 3095 1621 3154 exstat
1666 3111 1720 3154 ν.
1763 3090 1831 3153 6:
1879 3109 2044 3152 auro
2089 3087 2406 3170 formidat
2451 3085 2701 3150 EueIiO.
2755 3083 2942 3148 Trita
2987 3083 3305 3148 iunctura

571 3195 739 3259 dieto
782 3197 1058 3260 audiens
1104 3197 1466 3279 composito
1514 3202 1707 3260 aucta
1756 3195 2042 3259 occurrit
2083 3195 2152 3256 A
2199 3195 2328 3257 442
2373 3192 2540 3256 dez-to
2585 3190 2916 3256 oboediens
2959 3190 3112 3254 viri.

787 3302 935 3366 Iam
1000 3304 1432 3386 composita
1498 3301 1718 3366 dativo
1784 3300 1884 3366 vel
1950 3299 2439 3384 praepositione
2495 3299 2819 3362 instructa
2875 3295 3297 3380 colligamus:

574 3407 793 3473 A256
838 3411 1107 3473 erm-ias
1156 3462 1168 3475 .
1225 3463 1237 3475 .
1291 3410 1482 3474 lateri
1522 3410 2020 3490 aeeomnwdant,
2089 3408 2218 3472 686
2262 3408 2458 3490 frena
2499 3458 2511 3470 .
2558 3456 2570 3470 .
2613 3406 2716 3469 ori
2759 3425 3076 3488 equorum
3110 3425 3298 3468 acco-

578 3516 873 3592 modant;
919 3513 979 3579 P
1000 3517 1125 3581 188
1172 3517 1665 3582 eoncorditatem
1711 3515 1990 3600 hospitio
2035 3515 2414 3578 adiunctam
2451 3512 2605 3592 (278
2643 3511 2730 3575 ad
2757 3511 3000 3574 malam
3025 3515 3304 3576 aetatem

574 3621 899 3706 adiunyas
935 3623 1341 3704 emceiatam),
1386 3622 1596 3687 A386
1634 3623 1960 3686 mestodem
1991 3669 2005 3684 .
2039 3669 2053 3683 .
2085 3620 2394 3704 adposuit
2430 3618 2690 3702 riryini,
2730 3614 2936 3681 A147
2975 3615 3154 3692 Quod
3183 3621 3301 3696 est,

574 3749 695 3794 our
737 3751 1108 3814 componere
1144 3731 1329 3795 ausis
1374 3731 1543 3794 mihi
1588 3735 1643 3794 te
1688 3735 1812 3793 aut
1851 3751 1952 3793 ‘me
2000 3727 2184 3808 tim,
2231 3725 2298 3790 A
2321 3727 2408 3790 90
2454 3725 2715 3790 senium
2750 3743 2900 3786 eam
2935 3722 3148 3786 dolore
3189 3727 3304 3786 tuo

574 3837 967 3920 conianyam
1012 3844 1074 3902 et
1116 3859 1498 3922 comparem,
1556 3835 1622 3900 A
1648 3839 1724 3900 11
1775 3837 1916 3900 vela
1961 3840 2302 3899 ‘ventorum
2347 3832 2608 3896 animae
2653 3829 3022 3910 immittere,
3080 3826 3145 3893 A
3171 3829 3298 3893 191

574 3966 655 4008 ne
699 3945 777 4008 in
824 3945 1084 4009 turbam
1133 3951 1187 4010 te
1232 3945 1521 4028 inplere-3,
1588 3942 1646 4006 P
1670 3944 1796 4008 178
1853 3943 2095 4006 cladem
2139 3942 2481 4024 importem
2534 3937 2848 4021 familiae,
2914 3934 2974 4000 P
2997 3937 3077 3998 14
3125 3935 3306 3998 noeti

573 4052 653 4116 ni
694 4052 1104 4134 interveniat,
1151 4050 1218 4115 A
1242 4053 1370 4116 455
1418 4072 1580 4136 qnae
1618 4050 1946 4114 vastitudo
1976 4096 1990 4111 .
2024 4095 2040 4111 .
2073 4095 2088 4110 .
2135 4046 2385 4112 invasit
2429 4045 2660 4124 nziki?,
2709 4043 2834 4106 427
2885 4041 3058 4106 hosti
3101 4063 3200 4106 me
3233 4088 3248 4104 .
3282 4087 3296 4102 .

577 4157 867 4240 offeram,
933 4163 1003 4222 at
1049 4159 1393 4241 antiquam
1440 4155 1998 4222 constructionem
2045 4152 2248 4217 habes
2305 4153 2434 4217 385
2485 4151 2608 4216 tela
2651 4149 2727 4214 ob
2772 4148 3030 4213 moenia
3065 4147 3300 4230 offerre

574 4264 876 4347 imperat.

789 4368 1073 4433 Dativus
1120 4369 1547 4452 energicus,
1605 4369 1716 4450 qui
1764 4372 2058 4442 vocatur,
2121 4363 2388 4429 maioris
2435 4360 2748 4446 ponderis
2795 4379 2995 4424 causa
3041 4359 3298 4442 positus

578 4481 679 4539 est
733 4481 798 4556 a)
853 4496 972 4557 pro
1030 4476 1361 4558 genetivo:
1452 4474 1519 4539 A
1543 4475 1667 4539 657
1728 4474 2020 4552 Quinam
2069 4524 2084 4536 .
2141 4523 2152 4535 .
2217 4467 2646 4534 internecioni
2691 4466 2918 4530 modas
2953 4467 3299 4548 paretur?,

576 4579 643 4644 A
667 4580 750 4644 22
824 4580 948 4644 cm·
1009 4604 1249 4646 manus
1312 4588 1601 4646 materno
1664 4581 1879 4645 sordet
1939 4598 2172 4662 sparsa
2241 4575 2562 4660 sanquine
2633 4577 2792 4654 (non
2859 4577 3032 4635 recte
3097 4569 3300 4653 igitur

798 4771 816 4806 ²
854 4773 1053 4826 ‘Ax-ch.
1092 4773 1132 4827 f.
1172 4773 1269 4826 lat.
1308 4771 1463 4825 Lex.'
1504 4771 1559 4824 X
1597 4773 1719 4825 215.
