3567 5109
1434 287 1874 349 —49-

290 510 413 594 IV.
468 510 769 597 Quibus
826 510 1030 594 locis
1088 512 1441 616 scriptor
1493 513 1586 595 111
1622 512 2044 597 Alcibiade
2099 514 2592 598 conficiendo
2649 538 2846 599 usus
2883 516 3019 599 vel

1243 659 1443 741 quos
1500 638 1873 721 imitatus
1933 639 2064 722 sit.

500 832 989 899 Difficillimum
1062 840 1167 899 est
1228 834 1578 917 inquirere,
1655 857 1736 899 ex
1803 836 2038 918 quibus
2105 834 2514 919 dialogorum
2579 836 2884 903 Platonis
2951 846 3020 903 et

290 940 762 1024 Xenophontis
811 940 974 1005 locis
1022 942 1301 1023 scriptor
1338 941 1707 1007 Alcibiadis
1746 943 2110 1007 sententias
2149 964 2302 1007 suas
2341 943 2835 1027 deprompserit.
2883 946 3013 1011 Fa-

294 1046 417 1111 cile
480 1068 641 1113 sane
696 1048 989 1113 imitator
1044 1050 1443 1132 agnoscitur,
1514 1050 1570 1113 si
1624 1051 1695 1113 in
1742 1048 1976 1114 eadem
2031 1070 2100 1113 re
2147 1049 2380 1113 iisdem
2427 1050 2642 1115 verbis
2688 1073 2848 1115 usus
2893 1060 3012 1117 est.

292 1154 507 1219 Multo
557 1154 896 1220 difficili-or
940 1162 1042 1220 est
1088 1156 1407 1238 quaestio,
1458 1157 1513 1220 si
1560 1155 1703 1220 sola
1749 1157 2079 1221 sententia
2124 1156 2357 1221 eadem
2403 1164 2522 1236 est,
2581 1158 2782 1223 verba
2829 1158 3014 1223 diffe-

293 1268 467 1351 runt,
514 1262 694 1344 quod
736 1283 1215 1347 nonnunquam
1271 1264 1341 1327 in
1390 1262 1739 1329 Alcibiade
1799 1262 2048 1328 factum
2095 1284 2238 1327 esse
2289 1264 2677 1329 videbimus
2767 1264 3017 1331 Nostra

294 1369 559 1451 quidem
622 1371 953 1435 sententia
1008 1375 1110 1435 est
1162 1370 1559 1434 imitatorem
1616 1392 1749 1435 non
1810 1372 1952 1435 sine
2011 1369 2355 1453 diligentia
2401 1378 2602 1454 atque
2651 1375 3014 1437 attentione

294 1476 599 1541 Platonis
662 1476 864 1541 libros
928 1475 1188 1559 legisse,
1256 1476 1495 1541 multas
1552 1479 1917 1542 sententias
1975 1479 2288 1542 memoria
2343 1480 2635 1543 tenuisse
2693 1486 2892 1563 atque
2945 1482 3018 1544 111

296 1606 485 1649 31111111
530 1583 767 1649 librum
796 1585 893 1649 ita
926 1584 1363 1661 transtulisse,
1408 1590 1485 1647 111
1521 1583 1819 1667 singulae
1859 1584 2122 1667 quidem
2161 1586 2526 1649 sententiae
2559 1595 3014 1669 congruerent,

296 1714 376 1757 ea
410 1714 585 1771 vem,
634 1713 801 1773 quae
840 1690 1243 1755 antecedunt
1266 1697 1336 1754 et
1362 1696 1743 1771 sequuntur,
1793 1692 1894 1769 iis,
1943 1712 2110 1774 quae
2148 1692 2218 1755 in
2247 1691 2546 1774 exemplo
2575 1693 3016 1771 inveniuntur,

296 1820 773 1881 nonnunquam
828 1795 1265 1861 dissimillima
1318 1804 1554 1861 essent.
1650 1796 1888 1881 Itaque
1945 1798 2332 1879 script-orem
2389 1800 2630 1880 part-im
2679 1801 3016 1875 scientem,

300 1908 535 1989 partim
580 1906 861 1969 inscium
906 1903 1209 1967 Platonis
1256 1905 1619 1968 sententias
1666 1903 1834 1967 libro
1883 1924 2002 1967 suo
2050 1906 2406 1969 inseruisse
2454 1906 2865 1971 arbitramur.

510 2012 613 2077 Ac
660 2013 945 2095 primum
992 2011 1254 2092 quidem
1290 2010 1650 2076 nonnullos
1688 2010 1872 2074 locos
1911 2010 2304 2091 adferemus,
2357 2012 2594 2095 quibus
2635 2016 3018 2097 scriptorem

298 2122 566 2185 ductum
631 2138 844 2183 mores
894 2116 1186 2183 Socratis
1252 2124 1321 2182 61
1364 2116 1733 2182 Alcibiadis
1801 2118 2174 2200 depinxisse
2239 2138 2359 2200 per
2413 2124 2626 2182 totum
2685 2119 3019 2203 dialogum

296 2226 643 2293 manifesto
674 2232 965 2309 apparet
1017 2224 1145 2309 Qui
1173 2225 1301 2288 loci
1332 2232 1487 2289 sunt
1516 2225 1611 2288 hi:
1650 2224 2010 2307 Xenoph.
2040 2224 2259 2289 Mem.
2287 2224 2324 2289 Ι
2361 2228 2423 2304 2,
2452 2226 2565 2290 64:
2609 2226 3016 2310 (Σωκράτης)

298 2335 572 2419 φανερὸς
626 2334 707 2417 ἦν
759 2340 889 2397 τῶν
942 2334 1263 2397 συνόντων
1325 2334 1435 2396 τοὺ
1438 2356 1471 2403 ς
1532 2334 1820 2416 πονηρὰς
1883 2334 2222 2415 ἐπιθυμίας
2283 2336 2539 2415 ἔχοντας
2601 2358 2842 2398 τουτων
2903 2334 3021 2415 μὲν

296 2444 542 2515 παύων,
597 2450 705 2525 τῆς
762 2442 832 2505 δὲ
887 2441 1211 2523 καλλίστης
1264 2441 1371 2503 καὶ
1422 2441 2084 2523 μεγαλοπρεπεστάτης
2137 2442 2384 2523 ἀρετῆς,
2438 2439 2483 2524 ᾗ
2537 2442 2746 2511 πόλεις
2797 2466 2861 2504 τε
2914 2464 3022 2503 και

301 2552 461 2615 οἶκοι
506 2549 577 2613 εὖ
624 2552 887 2621 οἰκοῦσι,
931 2550 1309 2631 προτρέπων
1355 2548 1697 2629 ἐπιθυμεῖν.
1794 2544 1928 2611 Sed
1983 2547 2288 2628 scriptori
2345 2547 2543 2610 etiam
2598 2554 2758 2611 nota
2813 2546 3018 2609 fuisse

300 2657 556 2721 videtur
620 2656 947 2720 sententia
1012 2653 1307 2718 eiusdem
1368 2653 1519 2717 libri
1572 2654 1611 2717 I
1666 2657 1729 2730 2,
1789 2657 1900 2718 17:
1965 2656 2148 2725 Ἴσως
2202 2654 2320 2718 οὖν
2373 2658 2532 2718 εἴποι
2587 2680 2673 2725 τις
2699 2686 2704 2697 ·
2727 2658 2806 2719 ἂν
2858 2655 3022 2737 πρὸς

298 2773 489 2829 ταῦτα
544 2766 635 2828 ὅτι
690 2766 883 2847 ἐχρῆν
936 2762 1042 2825 τὸν
1095 2760 1457 2844 Σωκράτην
1507 2763 1597 2843 μὴ
1654 2762 1964 2844 πρότερον
2019 2763 2090 2825 τὰ
2153 2762 2433 2824 πολιτικὰ
2453 2844 2466 2855 .
2501 2762 2814 2825 ὂιὸάσκειν
2876 2762 3022 2829 τοὺς

300 2874 599 2941 συνόντας
646 2875 685 2953 ἢ
733 2875 1105 2952 σωφρονεῖν,
1166 2888 1295 2949 (1110
1352 2865 1498 2930 1060
1544 2866 1928 2949 Xenophon
1977 2868 2057 2931 de
2101 2868 2248 2949 ipso
2297 2865 2647 2931 Alcibiade
2695 2873 2764 2930 et
2807 2866 3018 2931 Critia

298 2978 498 3043 verba
545 2976 723 3041 facit.
817 2975 1021 3038 Hunc
1077 2974 1297 3037 locum
1352 2974 1655 3056 scriptori
1705 2972 1788 3037 ob
1837 2972 2062 3038 oculos
2109 2978 2436 3037 versatum
2483 2994 2624 3037 esse
2671 2979 3016 3055 propterea

302 3086 433 3149 veri
483 3082 693 3148 simile
742 3088 859 3160 est,
912 3081 1090 3163 quod
1139 3079 1631 3163 diligentissime
1677 3080 1747 3143 id
1795 3080 1976 3157 vitat,
2037 3080 2216 3161 quod
2265 3078 2523 3144 Socrati
2569 3080 2726 3144 vitio
2775 3079 3018 3143 tribue·

300 3192 521 3257 batur:
572 3191 794 3271 itaque
834 3187 1116 3270 scriptor
1152 3186 1493 3251 Socratem
1532 3186 1739 3250 malas
1769 3186 2140 3250 Alcibiadis
2178 3186 2574 3268 cupiditates
2613 3186 3024 3263 eximentem,

300 3304 499 3380 atque
556 3296 937 3379 priusquam
991 3296 1091 3372 iis,
1147 3316 1315 3377 quae
1372 3294 1459 3357 ad
1512 3314 1650 3357 rem
1716 3292 2047 3375 publicam
2113 3294 2584 3375 capessendam
2649 3295 3022 3357 necessaria

300 3407 461 3482 sint,
525 3424 674 3467 eum
740 3403 1067 3479 instituat,
1123 3401 1209 3465 ad
1264 3402 1692 3483 σωφροσύνην
1747 3422 1896 3463 611111
1953 3400 2324 3463 hortantem
2377 3400 2651 3464 inducit.
2749 3399 2882 3465 Sed
2937 3400 3021 3464 ob

300 3512 470 3576 hanc
508 3530 777 3574 causam
812 3504 1137 3572 neminem
1174 3506 1313 3571 fore
1352 3513 1678 3589 111116111113,
1718 3508 1830 3589 (1111
1868 3507 2046 3571 (11661
2083 3506 2252 3571 116116
2281 3528 2422 3571 6336
2461 3528 2780 3571 summam
2818 3508 3020 3571 totius

300 3618 567 3699 dialogi.
627 3615 843 3697 Supra
880 3615 1052 3679 enim
1092 3614 1371 3678 diximus
1396 3636 1543 3679 -non
1582 3636 1723 3678 esse
1762 3614 1898 3678 veri
1935 3614 2142 3678 simile
2183 3613 2516 3697 dialogum
2557 3615 2642 3678 ad
2682 3614 3020 3679 Socratem

300 3724 785 3791 defendendum
834 3722 1278 3804 conscriptum
1326 3744 1486 3785 esse.

514 3830 641 3895 His
707 3828 867 3892 locis
914 3828 1423 3911 Xenophonteis
1488 3829 1745 3892 accedit
1802 3850 1974 3892 unus
2022 3828 2204 3891 locus
2252 3828 2615 3892 Platonis
2665 3827 3022 3893 Convivii

302 3962 361 4021 p.
400 3937 628 4015 216Α,
678 3957 871 4018 (1116111
916 3937 1045 3999 16111
1096 3935 1329 3999 Astius
1373 3937 1463 4018 (p.
1497 3938 1653 4020 436)
1700 3935 1970 4014 attulit,¹
2017 3934 2128 3997 ubi
2166 3933 2552 4000 Alcibiades
2600 3937 2738 4016 ipse
2780 3934 2860 3998 de
2901 3934 3021 3999 So-

304 4052 481 4110 crate
538 4045 723 4108 dicit:
790 4046 1125 4125 ἀναγκάζει
1181 4046 1301 4124 γάρ
1346 4068 1427 4125 με
1472 4044 1820 4125 ὁμολογεῖν,
1877 4045 1967 4106 ὅτι
2014 4044 2253 4106 πολλοῦ
2301 4044 2516 4124 ἐνδεὴς
2563 4046 2659 4105 ὢν
2705 4042 2894 4112 αὐτὸς
2939 4045 3020 4105 ἔτι

303 4156 577 4236 ἐμαυτοῦ
623 4153 743 4233 μὲν
786 4152 1023 4233 ἀμελῶ,
1070 4152 1141 4213 τὰ
1193 4152 1251 4213 δ’
1294 4151 1653 4233 Ἀθηναίων
1697 4152 1969 4231 πράττω.
2037 4149 2272 4227 Recte3
2320 4170 2474 4212 nam
2522 4146 2904 4211 Alcibiades
2951 4149 3020 4211 in

304 4257 567 4339 dialogo
606 4257 859 4339 cogitur
898 4278 1044 4319 cum
1084 4255 1360 4320 Socrate
1400 4254 1688 4337 colloqui
1726 4257 1916 4339 eique
1955 4255 2411 4338 persuadetur,
2461 4260 2536 4316 ut
2575 4254 2698 4316 sibi
2745 4255 3024 4335 primum

304 4363 624 4441 consulat,
663 4363 899 4428 deinde
931 4361 1437 4427 Atheniensium
1476 4383 1580 4425 res
1622 4370 1824 4445 gerat.
1871 4362 2226 4425 Praeterea
2264 4382 2400 4425 non
2439 4368 2540 4423 est
2569 4360 3021 4437 dubitandum,

306 4473 467 4554 quin
524 4472 805 4552 scriptor
868 4476 1079 4534 totum
1138 4470 1469 4553 dialogum
1526 4470 1612 4534 ad
1670 4472 1993 4533 rationem
2059 4469 2240 4533 illam
2299 4468 2708 4534 Socraticam
2766 4468 3021 4531 confor-

308 4578 583 4643 maverit
628 4579 695 4641 in
741 4577 917 4642 Plat.
960 4576 1153 4660 Apol.
1194 4578 1360 4642 3613
1400 4599 1561 4659 13qu
1616 4630 1625 4640 .
1661 4630 1672 4641 .
1704 4580 1982 4641 ἐνταῦθα
2028 4579 2146 4660 μὲν
2193 4580 2312 4641 οὐκ
2358 4577 2460 4659 ᾖα,
2509 4577 2576 4640 οἷ
2615 4578 2826 4640 ἐλθὼν
2869 4579 3026 4659 μήτε

308 4722 466 4730 ..—

522 4788 543 4823 ¹
580 4790 785 4843 Confer
822 4791 992 4843 etiam
1032 4791 1451 4845 adnotationem
1491 4791 1729 4845 Arnoldi
1770 4791 1908 4859 Hug
1945 4792 2015 4845 ad
2053 4792 2200 4844 hunc
2241 4792 2500 4845 Convivii
2535 4791 2740 4845 locum.

414 4914 783 4957 Dicam-tationes
810 4913 928 4968 phil.
949 4916 1155 4960 Vindob.
1188 4920 1317 4957 VIII.
2813 4900 2846 4951 4
