3567 5109
1436 304 1921 366 —119—

305 517 477 584 iuris
523 515 742 581 factae
774 523 944 593 sunt,
993 537 1054 598 p.
1093 518 1133 580 4
1182 515 1486 580 ostendit.
1536 513 1672 581 Cur
1717 520 1943 580 autem
1991 514 2170 596 apud
2208 514 2456 597 priscos
2504 534 2764 598 quoque
2806 518 3039 596 poetas

313 624 604 707 tragicos
649 644 800 688 raro
847 622 1105 687 iambus
1162 623 1393 705 quinto
1443 620 1543 686 vel
1590 622 1868 705 septimo
1926 621 2070 686 loco
2128 622 2196 685 in
2245 620 2601 686 octonariis
2650 619 3039 702 reperiatur,

310 731 372 796 si
402 731 798 812 quaerimus,
847 729 1108 812 linguae
1139 728 1423 794 Latinae
1453 735 1690 794 natura
1730 727 1928 793 facile
1960 727 2343 811 explicatur.
2395 726 2467 793 Si
2499 727 3038 810 reputaverimus,

309 837 647 922 quomodo
693 858 916 902 versus
961 843 1137 902 recte
1185 837 1393 919 possit
1439 834 1761 913 concludi,
1813 823 2039 900 statim
2088 833 2538 917 monosyllaba
2576 854 2709 899 non
2748 855 2889 898 esse
2930 855 3037 898 cu-

315 943 526 1010 randa
571 943 951 1023 videbimus,
1022 965 1170 1009 cum
1215 944 1284 1008 in
1311 944 1478 1022 .fine,
1527 943 1654 1007 nisi
1703 942 2008 1028 enclitica
2055 947 2227 1020 sunt,
2275 942 2401 1008 vix,
2426 939 2817 1022 tolerentur;
2884 945 3037 1006 ante

303 1050 679 1115 clausulam
743 1071 894 1115 vero
959 1051 1308 1115 iambicam
1371 1048 1690 1114 vocabulo
1756 1048 2038 1113 iambico
2096 1047 2200 1112 vel
2256 1048 2325 1111 in
2380 1047 2671 1113 iambum
2718 1047 3040 1112 desinenti

313 1157 496 1224 locus
548 1179 682 1222 non
739 1164 902 1236 erat,
961 1157 1140 1240 quod
1193 1158 1289 1222 ita
1346 1157 1645 1222 dissonus
1703 1164 1771 1221 et
1826 1155 2082 1220 ieiunus
2139 1177 2361 1220 versus
2418 1155 2629 1220 exitus
2658 1155 3041 1221 ‚exstitisset

313 1263 544 1348 (Klotz
600 1286 664 1347 p.
705 1267 882 1348 237).
973 1263 1159 1348 Quae
1218 1263 1495 1330 offensio
1552 1262 1816 1344 lenitur,
1874 1263 1929 1326 si
1987 1263 2151 1327 arsis
2207 1261 2777 1346 antepaenultima
2832 1261 3036 1330 disso-

311 1370 452 1435 luta
517 1378 585 1436 et
646 1371 748 1436 vel
814 1372 1238 1436 commissura
1311 1392 1540 1436 vocum
1611 1372 1784 1436 inter
1860 1369 2025 1434 duas
2098 1369 2218 1434 has
2292 1368 2519 1434 breves
2590 1367 3037 1433 intercedente

313 1479 414 1542 vel
477 1478 564 1544 iis
623 1499 770 1542 cum
837 1479 1064 1562 quinto
1132 1478 1298 1561 pede
1366 1499 1616 1561 paeone
1673 1484 1910 1561 quarto
1968 1476 2333 1542 coniunctis
2389 1475 2623 1540 ultima
2679 1474 2951 1557 dipodia
2998 1497 3038 1539 a

313 1584 641 1668 prioribus
690 1587 904 1649 minus
955 1586 1260 1650 distincte
1317 1592 1661 1668 segregata
1719 1590 1836 1663 est,
1904 1582 2084 1648 velut
2126 1581 2344 1648 A618
2394 1583 2686 1666 Profecto
2730 1583 3032 1666 hauqua-

311 1713 514 1776 quam
544 1698 652 1757 est
696 1699 881 1758 ortas
927 1694 1231 1757 ητέᾱῖὄωῆ
1273 1697 1427 1756 scita
1473 1690 1580 1776 (cf.
1631 1691 1833 1756 Klotz
1882 1713 1946 1773 p.
1988 1691 2167 1773 243).
2214 1689 2366 1754 Hoc
2402 1693 2825 1772 praeceptum
2863 1694 3035 1752 uter—

304 1820 440 1882 ‘q-ue
488 1805 685 1882 poeta
740 1798 1134 1880 observavit3
1193 1820 1346 1864 nam
1401 1805 1663 1882 praeter
1706 1797 1773 1862 A
1797 1799 1923 1863 618
1984 1797 2283 1861 omnibus
2328 1795 2491 1860 locis
2548 1799 2729 1878 (sunt
2774 1801 3037 1860 centum
3124 1820 3129 1827 ·

311 1905 501 1989 fere),
543 1905 778 1990 quibus
817 1907 1145 1970 versusin
1181 1927 1406 1970 vocem
1444 1904 1794 1970 iambicam
1825 1903 2083 1982 desinit,
2124 1903 2457 1986 spondeus
2484 1902 2595 1968 ,vel
2636 1906 3037 1984 anapaestus

314 2013 416 2078 vel
463 2012 760 2097 dactylus
806 2012 1161 2096 praecedit.
1211 2012 1454 2078 Obstat
1497 2012 1676 2076 solus
1722 2010 1938 2076 Α442
1987 2031 2185 2094 quam
2231 2011 2445 2075 invita
2501 2010 2827 2074 aneilla-ns
2869 2010 3036 2073 dieu>

301 2121 644 2185 oboediens
679 2121 828 2197 viri,
861 2119 976 2184 ubi
1004 2119 1225 2184 Luchs
1252 2140 1316 2201 p.
1350 2121 1433 2184 72
1469 2119 1799 2184 oboedibat
1824 2118 2185 2199 temptavit.
2235 2117 2402 2200 Ego,
2434 2116 2560 2180 etsi
2585 2118 2727 2199 ipse
2755 2114 3035 2182 Accium

310 2227 419 2290 hic
474 2227 672 2290 semel
729 2226 1178 2291 dormitavisse
1233 2247 1425 2309 neg0,
1483 2247 1750 2290 manum
1805 2247 1844 2289 a
1902 2223 2290 2306 corrigendo
2338 2222 2636 2288 abstineo
2686 2229 2753 2287 et
2797 2245 2833 2287 e
2882 2243 3033 2287 con·

311 2333 515 2398 trario
570 2332 724 2396 inde
782 2332 1101 2398 concludo
1137 2353 1308 2419 'eum
1362 2339 1438 2396 ut
1485 2332 1650 2397 alios
1698 2337 1931 2414 poetas
1979 2331 2315 2395 scaenicos
2364 2330 2474 2413 (cf.
2522 2329 2723 2394 Klotz
2769 2350 2835 2412 p.
2874 2331 3033 2412 242)

309 2440 624 2504 creticum
669 2461 816 2504 cum
845 2439 1079 2522 ⁸iambo
1129 2446 1404 2504 exeunte
1455 2439 1795 2522 copulasse
1844 2444 1959 2503 aut
2004 2438 2169 2502 haec
2218 2438 2704 2502 octonariorum
2748 2436 3035 2500 trochai-

307 2567 536 2610 corum
580 2545 860 2611 frustula
898 2567 1059 2625 esse,
1109 2568 1383 2630 quorum
1422 2548 1599 2630 prior
1636 2567 1791 2610 voce
1828 2546 2154 2610 ancillans
2194 2542 2542 2608 clauditur.
2590 2543 2775 2611 Voce
2814 2549 3033 2609 autem

311 2654 550 2718 cretica
579 2655 650 2718 in
681 2661 967 2718 extremo
999 2674 1188 2718 versu
1225 2655 1443 2736 posita
1471 2653 1809 2718 Romanos
1838 2673 2261 2736 nequaquam
2295 2649 2587 2715 iambum
2618 2651 2847 2735 quinto
2886 2650 3031 2718 loco

309 2760 560 2843 fugisse
609 2761 978 2826 ostenditur
1023 2761 1122 2824 his
1170 2760 1490 2825 versibus:
1539 2761 1677 2839 P2,
1730 2763 1835 2837 78,
1888 2762 2041 2838 1463
2088 2758 2285 2839 A22,
2326 2760 2429 2836 57,
2468 2761 2617 2837 242,
2658 2761 2809 2822 292.
2856 2757 3034 2822 Pau-

305 2867 475 2931 citas
541 2867 981 2950 exemplorum
1043 2890 1178 2932 non
1239 2868 1401 2932 mira
1452 2868 1576 2932 erit
1621 2866 2208 2944 considerantibus,
2277 2886 2474 2950 quam
2522 2863 2783 2930 difficile
2831 2864 3035 2929 fuerit

309 2975 554 3038 cretica
618 2975 910 3040 clausula
965 2997 1005 3040 a
1062 2996 1352 3040 consona
1407 2974 1758 3058 incipiente
1808 2972 2172 3056 spondeum
2219 2973 2451 3052 vitare;
2511 2972 3029 3056 quotusquisque

309 3079 411 3144 vel
461 3080 916 3165 declinationis
963 3082 1065 3147 vel
1113 3081 1594 3164 coniugationis
1642 3081 1853 3145 exitus
1904 3079 2255 3162 praecipue
2300 3079 2371 3143 in
2411 3079 2627 3161 prisca
2664 3078 3031 3144 Latinitate

307 3187 574 3253 brevem
620 3189 912 3254 vocalem
957 3190 1027 3254 in
1074 3189 1203 3254 fine
1252 3187 1480 3254 habet!
1529 3187 1685 3252 Non
1732 3194 1977 3251 temere
2014 3187 2233 3270 igitur,
2283 3185 2401 3250 sed
2437 3186 2828 3264 necessitate
2869 3205 3031 3268 qua-

301 3295 463 3360 -dam
512 3297 722 3361 coacti
751 3297 1034 3361 Romani
1080 3297 1404 3361 rationem
1436 3293 1843 3374 Graecorum
1891 3294 2227 3376 aspernati
2274 3298 2444 3370 sunt,
2497 3293 2609 3375 qui
2657 3291 3031 3356 ante-clau-
3124 3301 3132 3308 ’

304 3402 520 3468 sulam
547 3405 876 3482 creticam,
917 3410 991 3468 ut
1018 3403 1274 3468 Person
1305 3403 1570 3479 detexit,
1608 3400 1929 3485 syllabam
1963 3400 2351 3482 productam
2380 3400 2668 3482 exceptis
2701 3398 3027 3482 monosyl-

305 3509 478 3574 labis
523 3531 659 3575 non
707 3509 1149 3593 patiebantur.
1197 3510 1483 3574 Restant
1528 3529 1716 3573 voces
1765 3513 2077 3591 quattuor
2131 3506 2229 3570 vel
2277 3505 2563 3588 plurium
2609 3504 3028 3589 syllabarum,

303 3615 545 3700 quibus
591 3616 1090 3696 facileiambus
1139 3617 1556 3700 paenultimo
1589 3614 1736 3680 loco
1777 3613 2089 3695 efficitur3
2138 3620 2337 3697 atque
2382 3615 2455 3677 in
2490 3635 2602 3679 eas
2640 3613 2801 3678 satis
2840 3613 3029 3680 multi

304 3745 530 3788 versus
597 3723 908 3789 desinunt
972 3724 1181 3808 (P69‚
1245 3725 1390 3803 131,
1452 3724 1600 3801 135,
1663 3725 1811 3801 149,
1876 3723 2022 3801 151,
2075 3723 2220 3798 162,
2281 3721 2425 3798 164,
2479 3723 2625 3798 182,
2674 3723 2825 3800 251,
2876 3722 3026 3799 287,

295 3832 458 3908 313,
508 3833 660 3910 314,
709 3832 868 3910 346;
917 3830 1113 3910 Α69,
1154 3833 1258 3910 94,
1304 3832 1451 3908 133,
1495 3831 1642 3908 187,
1680 3831 1831 3908 259,
1872 3830 2021 3908 270,
2072 3829 2223 3907 340,
2273 3829 2425 3906 421,
2474 3828 2624 3905 466,
2676 3829 2826 3905 539,
2876 3828 3026 3904 585,

297 3939 458 4016 593,
509 3939 660 4016 598,
710 3959 806 4020 pr.
845 3940 958 4017 203
1007 3938 1076 4002 in
1125 3937 1642 4020 septenariorum
1689 3935 2001 4000 clausulis
2046 3934 2233 4012 Pel,
2276 3936 2424 4012 127,
2466 3935 2615 4012 240,
2665 3935 2817 4010 246,
2866 3935 3025 4014 280;

298 4042 372 4108 ,Α
395 4045 500 4122 61,
541 4046 668 4124 96,ι
692 4047 839 4124 185,
879 4047 1030 4123 316,
1071 4046 1222 4119 360,
1259 4045 1434 4126 467).
1481 4042 1788 4109 Vidimus
1826 4042 2026 4124 igitur
2061 4042 2195 4105 iam
2233 4039 2415 4122 apud
2451 4039 2702 4121 priscos
2738 4039 3026 4122 tragicos

297 4151 673 4234 spondeum
718 4151 788 4215 in
835 4151 1065 4233 quinto
1113 4150 1280 4232 pede
1329 4148 1724 4214 crebriorem
1768 4147 1997 4213 iambo
2054 4147 2281 4225 fuisse,
2340 4146 2456 4210 sed
2500 4167 2634 4211 non
2684 4145 3025 4228 augendae

293 4257 643 4341 gravitatis
700 4264 767 4323 et
819 4257 1187 4322 altitudinis
1245 4279 1465 4334 causa,
1524 4262 1599 4320 ut
1645 4254 1925 4339 ‚quidam
1981 4261 2419 4332 censuerunt,¹
2446 4252 2515 4316 id
2562 4251 2815 4334 factum
2862 4274 3025 4332 esse,

296 4386 528 4430 verum
576 4385 696 4447 pro
743 4365 1008 4447 linguae
1063 4345 1322 4438 natura.
1413 4363 1582 4428 Inde
1639 4361 1961 4445 paulatim
2009 4382 2085 4426 eo
2134 4366 2399 4424 ventum
2445 4365 2565 4438 est,
2613 4366 2687 4424 ut
2734 4358 3025 4425 Senecae

293 4471 708 4554 temporibus
755 4471 1090 4554 spondeus
1135 4471 1313 4536 solus
1361 4469 1689 4552 legitimus
1737 4474 1928 4531 esset.

517 4577 714 4662 Quod
770 4577 1006 4643 deinde
1057 4575 1300 4643 Goette
1355 4578 1446 4660 (p.
1492 4578 1600 4658 15)
1656 4574 2030 4640 observavit
2082 4573 2355 4638 Pacuvii
2408 4572 2705 4636 senarios
2762 4574 3025 4656 saepius

200 4667 214 4672 ’
296 4683 711 4750 Graecorum
759 4685 1064 4750 severiori
1108 4685 1258 4750 usui
1305 4683 1688 4748 satisfacere
1738 4702 1936 4764 quam
1974 4680 2798 4761 ceterorum-tragicorum,
2843 4682 3024 4762 equi-

295 4791 453 4855 dem
498 4791 718 4858 facere
765 4813 901 4858 non
947 4813 1236 4875 possum,
1288 4791 1446 4875 quin
1491 4788 1562 4853 id
1600 4809 1756 4854 casu
1796 4789 2013 4871 potius
2055 4807 2253 4872 quam
2291 4786 2561 4852 consilio
2591 4786 2843 4852 factum
2882 4807 3025 4851 esse
