<?xml version="1.0" encoding="UTF-8"?>
<!DOCTYPE html PUBLIC "-//W3C//DTD XHTML 1.0 Transitional//EN"
    "http://www.w3.org/TR/xhtml1/DTD/xhtml1-transitional.dtd">
<html xmlns="http://www.w3.org/1999/xhtml" xml:lang="en" lang="en">
 <head>
  <title>
</title>
<meta http-equiv="Content-Type" content="text/html;charset=utf-8" />
  <meta name='ocr-system' content='tesseract 3.04.00' />
  <meta name='ocr-capabilities' content='ocr_page ocr_carea ocr_par ocr_line ocrx_word'/>
</head>
<body>
  <div class='ocr_page' id='page_1' title='image "./dissertationesp09wiengoog_0188.png"; bbox 0 0 3567 5109; ppageno 0'>
   <div class='ocr_carea' id='block_1_1' title="bbox 1609 286 2083 352">
    <p class='ocr_par' dir='ltr' id='par_1_1' title="bbox 1609 286 2083 352">
     <span class='ocr_line' id='line_1_1' title="bbox 1609 286 2083 352; baseline 0.002 -19"><span class='ocrx_word' id='word_1_1' title='bbox 1609 286 2083 352; x_wconf 70' lang='lat'>-130-</span> 
     </span>
    </p>
   </div>
   <div class='ocr_carea' id='block_1_2' title="bbox 495 477 3209 1926">
    <p class='ocr_par' dir='ltr' id='par_1_2' title="bbox 495 477 3209 1926">
     <span class='ocr_line' id='line_1_2' title="bbox 497 477 3207 562; baseline 0.003 -24"><span class='ocrx_word' id='word_1_2' title='bbox 497 477 660 541; x_wconf 87' lang='lat' dir='ltr'><strong>ficta</strong></span> <span class='ocrx_word' id='word_1_3' title='bbox 707 480 1023 542; x_wconf 86' lang='lat' dir='ltr'><strong>oratione</strong></span> <span class='ocrx_word' id='word_1_4' title='bbox 1078 484 1485 558; x_wconf 86' lang='lat' dir='ltr'><strong>tegerentur</strong></span> <span class='ocrx_word' id='word_1_5' title='bbox 1533 485 1654 543; x_wconf 87' lang='lat' dir='ltr'><strong>aut</strong></span> <span class='ocrx_word' id='word_1_6' title='bbox 1715 487 2234 544; x_wconf 76' lang='lat' dir='ltr'><strong>excusarentur.</strong></span> <span class='ocrx_word' id='word_1_7' title='bbox 2292 479 2481 553; x_wconf 85' lang='lat' dir='ltr'><strong>Quae</strong></span> <span class='ocrx_word' id='word_1_8' title='bbox 2528 499 2643 544; x_wconf 88' lang='lat' dir='ltr'><strong>res</strong></span> <span class='ocrx_word' id='word_1_9' title='bbox 2706 477 2881 542; x_wconf 84' lang='lat' dir='ltr'><strong>color</strong></span> <span class='ocrx_word' id='word_1_10' title='bbox 2926 499 3207 562; x_wconf 86' lang='lat' dir='ltr'><strong>quoque</strong></span> 
     </span>
     <span class='ocr_line' id='line_1_3' title="bbox 500 582 3205 664; baseline 0.003 -22"><span class='ocrx_word' id='word_1_11' title='bbox 500 598 538 642; x_wconf 91' lang='lat' dir='ltr'><strong>a</strong></span> <span class='ocrx_word' id='word_1_12' title='bbox 570 582 970 645; x_wconf 78' lang='lat' dir='ltr'><strong>rhetoribus</strong></span> <span class='ocrx_word' id='word_1_13' title='bbox 1004 584 1489 664; x_wconf 82' lang='lat' dir='ltr'><strong>appellabatur</strong></span> <span class='ocrx_word' id='word_1_14' title='bbox 1521 588 1730 664; x_wconf 87' lang='lat' dir='ltr'><strong>atque</strong></span> <span class='ocrx_word' id='word_1_15' title='bbox 1769 585 1946 649; x_wconf 88' lang='lat' dir='ltr'><strong>hanc</strong></span> <span class='ocrx_word' id='word_1_16' title='bbox 1976 603 2124 648; x_wconf 89' lang='lat' dir='ltr'><strong>rem</strong></span> <span class='ocrx_word' id='word_1_17' title='bbox 2172 591 2491 649; x_wconf 86' lang='lat' dir='ltr'><strong>accurate</strong></span> <span class='ocrx_word' id='word_1_18' title='bbox 2536 584 3003 658; x_wconf 82' lang='lat' dir='ltr'><strong>Quintilianus</strong></span> <span class='ocrx_word' id='word_1_19' title='bbox 3032 587 3205 650; x_wconf 91' lang='lat' dir='ltr'><strong>Inst.</strong></span> 
     </span>
     <span class='ocr_line' id='line_1_4' title="bbox 498 683 3208 774; baseline 0.002 -27"><span class='ocrx_word' id='word_1_20' title='bbox 498 703 594 749; x_wconf 93' lang='lat' dir='ltr'><strong>or.</strong></span> <span class='ocrx_word' id='word_1_21' title='bbox 641 685 736 750; x_wconf 87' lang='lat' dir='ltr'><strong>IV</strong></span> <span class='ocrx_word' id='word_1_22' title='bbox 784 691 840 765; x_wconf 82' lang='lat'><strong>2,</strong></span> <span class='ocrx_word' id='word_1_23' title='bbox 890 693 969 750; x_wconf 84' lang='lat'><strong>88</strong></span> <span class='ocrx_word' id='word_1_24' title='bbox 1017 687 1324 769; x_wconf 86' lang='lat' dir='ltr'><strong>explicat</strong></span> <span class='ocrx_word' id='word_1_25' title='bbox 1369 687 1476 752; x_wconf 92' lang='lat' dir='ltr'><strong>his</strong></span> <span class='ocrx_word' id='word_1_26' title='bbox 1521 687 1791 752; x_wconf 83' lang='lat' dir='ltr'><strong>verbis:</strong></span> <span class='ocrx_word' id='word_1_27' title='bbox 1838 683 2007 750; x_wconf 75' lang='lat' dir='ltr'><strong>Sunt</strong></span> <span class='ocrx_word' id='word_1_28' title='bbox 2050 685 2360 772; x_wconf 78' lang='lat' dir='ltr'><strong>quaedam</strong></span> <span class='ocrx_word' id='word_1_29' title='bbox 2398 695 2455 750; x_wconf 82' lang='lat' dir='ltr'><strong>et</strong></span> <span class='ocrx_word' id='word_1_30' title='bbox 2481 685 2714 774; x_wconf 70' lang='lat' dir='ltr'><strong>falsae</strong></span> <span class='ocrx_word' id='word_1_31' title='bbox 2756 687 3208 774; x_wconf 64' lang='lat' dir='ltr'><strong>expositiones,</strong></span> 
     </span>
     <span class='ocr_line' id='line_1_5' title="bbox 495 788 3209 878; baseline 0.001 -27"><span class='ocrx_word' id='word_1_32' title='bbox 495 809 774 872; x_wconf 73' lang='lat' dir='ltr'><strong>quarum</strong></span> <span class='ocrx_word' id='word_1_33' title='bbox 818 789 890 854; x_wconf 81' lang='lat' dir='ltr'><strong>in</strong></span> <span class='ocrx_word' id='word_1_34' title='bbox 917 791 1079 877; x_wconf 76' lang='lat' dir='ltr'><strong>foro</strong></span> <span class='ocrx_word' id='word_1_35' title='bbox 1111 788 1349 876; x_wconf 64' lang='lat' dir='ltr'><strong>duplex</strong></span> <span class='ocrx_word' id='word_1_36' title='bbox 1388 812 1588 878; x_wconf 75' lang='lat' dir='ltr'><strong>qenue</strong></span> <span class='ocrx_word' id='word_1_37' title='bbox 1633 801 1755 856; x_wconf 82' lang='lat' dir='ltr'><strong>eet.-</strong></span> <span class='ocrx_word' id='word_1_38' title='bbox 1800 789 2093 872; x_wconf 56' lang='lat' dir='ltr'><strong>alterum,</strong></span> <span class='ocrx_word' id='word_1_39' title='bbox 2150 791 2314 877; x_wconf 77' lang='lat' dir='ltr'><strong>quod</strong></span> <span class='ocrx_word' id='word_1_40' title='bbox 2363 791 2807 857; x_wconf 67' lang='lat' dir='ltr'><strong>instrumentis</strong></span> <span class='ocrx_word' id='word_1_41' title='bbox 2858 793 3209 858; x_wconf 76' lang='lat' dir='ltr'><strong>adiuvatur</strong></span> 
     </span>
     <span class='ocr_line' id='line_1_6' title="bbox 497 893 3209 982; baseline 0.001 -22"><span class='ocrx_word' id='word_1_42' title='bbox 497 944 513 960; x_wconf 90' lang='lat'><strong>.</strong></span> <span class='ocrx_word' id='word_1_43' title='bbox 545 945 560 958; x_wconf 93' lang='lat'><strong>.</strong></span> <span class='ocrx_word' id='word_1_44' title='bbox 592 946 606 959; x_wconf 92' lang='lat'><strong>.</strong></span> <span class='ocrx_word' id='word_1_45' title='bbox 638 945 654 960; x_wconf 89' lang='lat'><strong>.</strong></span> <span class='ocrx_word' id='word_1_46' title='bbox 688 946 703 959; x_wconf 92' lang='lat'><strong>.</strong></span> <span class='ocrx_word' id='word_1_47' title='bbox 733 944 750 960; x_wconf 88' lang='lat'><strong>.</strong></span> <span class='ocrx_word' id='word_1_48' title='bbox 781 946 796 960; x_wconf 91' lang='lat'><strong>.</strong></span> <span class='ocrx_word' id='word_1_49' title='bbox 827 916 884 962; x_wconf 89' lang='lat'><strong>..·</strong></span> <span class='ocrx_word' id='word_1_50' title='bbox 929 893 1220 977; x_wconf 79' lang='lat' dir='ltr'><strong>alterum,</strong></span> <span class='ocrx_word' id='word_1_51' title='bbox 1264 894 1432 980; x_wconf 81' lang='lat' dir='ltr'><strong>quod</strong></span> <span class='ocrx_word' id='word_1_52' title='bbox 1483 904 1572 960; x_wconf 72' lang='lat' dir='ltr'><strong>est</strong></span> <span class='ocrx_word' id='word_1_53' title='bbox 1627 894 1931 960; x_wconf 78' lang='lat' dir='ltr'><strong>tuendum</strong></span> <span class='ocrx_word' id='word_1_54' title='bbox 1983 895 2257 961; x_wconf 70' lang='lat' dir='ltr'><strong>dicentis</strong></span> <span class='ocrx_word' id='word_1_55' title='bbox 2308 896 2577 982; x_wconf 67' lang='lat' dir='ltr'><strong>ingenio.</strong></span> <span class='ocrx_word' id='word_1_56' title='bbox 2641 896 2729 960; x_wconf 77' lang='lat' dir='ltr'><strong>Id</strong></span> <span class='ocrx_word' id='word_1_57' title='bbox 2789 899 3049 962; x_wconf 63' lang='lat' dir='ltr'><strong>interim</strong></span> <span class='ocrx_word' id='word_1_58' title='bbox 3120 897 3209 962; x_wconf 81' lang='lat' dir='ltr'><strong>ad</strong></span> 
     </span>
     <span class='ocr_line' id='line_1_7' title="bbox 498 997 3202 1088; baseline 0.002 -27"><span class='ocrx_word' id='word_1_59' title='bbox 498 997 698 1063; x_wconf 74' lang='lat' dir='ltr'><strong>solam</strong></span> <span class='ocrx_word' id='word_1_60' title='bbox 769 1000 1313 1066; x_wconf 77' lang='lat' dir='ltr'><strong>verecundiam</strong></span> <span class='ocrx_word' id='word_1_61' title='bbox 1373 1004 1670 1088; x_wconf 77' lang='lat' dir='ltr'><strong>pertinet,</strong></span> <span class='ocrx_word' id='word_1_62' title='bbox 1753 1001 1921 1066; x_wconf 81' lang='lat' dir='ltr'><strong>unde</strong></span> <span class='ocrx_word' id='word_1_63' title='bbox 1982 1004 2174 1066; x_wconf 79' lang='lat' dir='ltr'><strong>etiam</strong></span> <span class='ocrx_word' id='word_1_64' title='bbox 2232 1002 2393 1068; x_wconf 76' lang='lat' dir='ltr'><strong>mihi</strong></span> <span class='ocrx_word' id='word_1_65' title='bbox 2448 1003 2709 1068; x_wconf 78' lang='lat' dir='ltr'><strong>videtur</strong></span> <span class='ocrx_word' id='word_1_66' title='bbox 2765 1003 2903 1068; x_wconf 66' lang='lat' dir='ltr'><strong>dice·</strong></span> <span class='ocrx_word' id='word_1_67' title='bbox 2968 1003 3202 1078; x_wconf 82' lang='lat' dir='ltr'><strong>color,</strong></span> 
     </span>
     <span class='ocr_line' id='line_1_8' title="bbox 497 1103 3209 1194; baseline 0.002 -28"><span class='ocrx_word' id='word_1_68' title='bbox 497 1103 757 1168; x_wconf 79' lang='lat' dir='ltr'><strong>interim</strong></span> <span class='ocrx_word' id='word_1_69' title='bbox 805 1103 894 1168; x_wconf 79' lang='lat' dir='ltr'><strong>ad</strong></span> <span class='ocrx_word' id='word_1_70' title='bbox 942 1105 1368 1191; x_wconf 75' lang='lat' dir='ltr'><strong>quaestionem</strong></span> <span class='ocrx_word' id='word_1_71' title='bbox 1407 1155 1660 1176; x_wconf 89' lang='grc'><strong>......</strong></span> <span class='ocrx_word' id='word_1_72' title='bbox 1713 1104 2091 1172; x_wconf 78' lang='lat' dir='ltr'><strong>Curandum</strong></span> <span class='ocrx_word' id='word_1_73' title='bbox 2140 1109 2493 1194; x_wconf 76' lang='lat' dir='ltr'><strong>praecipue</strong></span> <span class='ocrx_word' id='word_1_74' title='bbox 2548 1159 2796 1176; x_wconf 91' lang='grc'><strong>......</strong></span> <span class='ocrx_word' id='word_1_75' title='bbox 2862 1110 2931 1172; x_wconf 75' lang='lat' dir='ltr'><strong>in</strong></span> <span class='ocrx_word' id='word_1_76' title='bbox 2990 1106 3209 1172; x_wconf 74' lang='lat' dir='ltr'><strong>schola</strong></span> 
     </span>
     <span class='ocr_line' id='line_1_9' title="bbox 497 1209 3207 1298; baseline 0.002 -27"><span class='ocrx_word' id='word_1_77' title='bbox 497 1209 715 1289; x_wconf 75' lang='lat' dir='ltr'><strong>etiam,</strong></span> <span class='ocrx_word' id='word_1_78' title='bbox 777 1231 854 1273; x_wconf 84' lang='lat' dir='ltr'><strong>ne</strong></span> <span class='ocrx_word' id='word_1_79' title='bbox 911 1210 1082 1275; x_wconf 84' lang='lat' dir='ltr'><strong>color</strong></span> <span class='ocrx_word' id='word_1_80' title='bbox 1126 1219 1309 1276; x_wconf 74' lang='lat' dir='ltr'><strong>extra</strong></span> <span class='ocrx_word' id='word_1_81' title='bbox 1358 1210 1632 1276; x_wconf 80' lang='lat' dir='ltr'><strong>themata</strong></span> <span class='ocrx_word' id='word_1_82' title='bbox 1675 1222 2021 1297; x_wconf 74' lang='lat' dir='ltr'><strong>quaeratur</strong></span> <span class='ocrx_word' id='word_1_83' title='bbox 2064 1264 2320 1280; x_wconf 91' lang='grc'><strong>......</strong></span> <span class='ocrx_word' id='word_1_84' title='bbox 2365 1211 2771 1277; x_wconf 75' lang='lat' dir='ltr'><strong>Somniorum</strong></span> <span class='ocrx_word' id='word_1_85' title='bbox 2809 1223 2867 1275; x_wconf 82' lang='lat' dir='ltr'><strong>et</strong></span> <span class='ocrx_word' id='word_1_86' title='bbox 2908 1215 3207 1298; x_wconf 70' lang='lat' dir='ltr'><strong>supersti-</strong></span> 
     </span>
     <span class='ocr_line' id='line_1_10' title="bbox 497 1314 3207 1402; baseline 0.003 -27"><span class='ocrx_word' id='word_1_87' title='bbox 497 1314 740 1378; x_wconf 77' lang='lat' dir='ltr'><strong>tionum</strong></span> <span class='ocrx_word' id='word_1_88' title='bbox 793 1314 1035 1379; x_wconf 76' lang='lat' dir='ltr'><strong>colores</strong></span> <span class='ocrx_word' id='word_1_89' title='bbox 1087 1316 1234 1402; x_wconf 75' lang='lat' dir='ltr'><strong>ipsa</strong></span> <span class='ocrx_word' id='word_1_90' title='bbox 1279 1316 1413 1381; x_wconf 81' lang='lat' dir='ltr'><strong>iam</strong></span> <span class='ocrx_word' id='word_1_91' title='bbox 1444 1315 1883 1402; x_wconf 48' lang='lat' dir='ltr'><strong>fallacitate&amp;</strong></span> <span class='ocrx_word' id='word_1_92' title='bbox 1932 1319 2374 1382; x_wconf 72' lang='lat' dir='ltr'><strong>auctoritatem</strong></span> <span class='ocrx_word' id='word_1_93' title='bbox 2413 1316 2851 1402; x_wconf 77' lang='lat' dir='ltr'><strong>perdiderunt.</strong></span> <span class='ocrx_word' id='word_1_94' title='bbox 2918 1323 3007 1384; x_wconf 83' lang='lat' dir='ltr'><strong>Et</strong></span> <span class='ocrx_word' id='word_1_95' title='bbox 3050 1339 3207 1384; x_wconf 89' lang='lat' dir='ltr'><strong>eum</strong></span> 
     </span>
     <span class='ocr_line' id='line_1_11' title="bbox 498 1423 3206 1506; baseline 0.003 -24"><span class='ocrx_word' id='word_1_96' title='bbox 498 1423 620 1486; x_wconf 85' lang='lat' dir='ltr'><strong>has</strong></span> <span class='ocrx_word' id='word_1_97' title='bbox 666 1439 778 1485; x_wconf 86' lang='lat' dir='ltr'><strong>res</strong></span> <span class='ocrx_word' id='word_1_98' title='bbox 825 1426 895 1485; x_wconf 91' lang='lat' dir='ltr'><strong>in</strong></span> <span class='ocrx_word' id='word_1_99' title='bbox 943 1423 1186 1488; x_wconf 90' lang='lat' dir='ltr'><strong>schola</strong></span> <span class='ocrx_word' id='word_1_100' title='bbox 1216 1442 1552 1505; x_wconf 86' lang='lat' dir='ltr'><strong>persaepe</strong></span> <span class='ocrx_word' id='word_1_101' title='bbox 1598 1431 1940 1488; x_wconf 76' lang='lat' dir='ltr'><strong>tractasse</strong></span> <span class='ocrx_word' id='word_1_102' title='bbox 1986 1424 2100 1488; x_wconf 82' lang='lat' dir='ltr'><strong>vel</strong></span> <span class='ocrx_word' id='word_1_103' title='bbox 2146 1424 2309 1488; x_wconf 90' lang='lat' dir='ltr'><strong>inde</strong></span> <span class='ocrx_word' id='word_1_104' title='bbox 2355 1425 2691 1506; x_wconf 76' lang='lat' dir='ltr'><strong>perfacile</strong></span> <span class='ocrx_word' id='word_1_105' title='bbox 2738 1429 3206 1506; x_wconf 85' lang='lat' dir='ltr'><strong>cognoscitur,</strong></span> 
     </span>
     <span class='ocr_line' id='line_1_12' title="bbox 497 1526 3207 1614; baseline 0.001 -25"><span class='ocrx_word' id='word_1_106' title='bbox 497 1527 685 1605; x_wconf 89' lang='lat' dir='ltr'><strong>quod</strong></span> <span class='ocrx_word' id='word_1_107' title='bbox 748 1528 915 1592; x_wconf 86' lang='lat' dir='ltr'><strong>Inst.</strong></span> <span class='ocrx_word' id='word_1_108' title='bbox 979 1546 1077 1592; x_wconf 89' lang='grc'><strong>01.</strong></span> <span class='ocrx_word' id='word_1_109' title='bbox 1109 1526 1199 1591; x_wconf 91' lang='lat' dir='ltr'><strong>IV</strong></span> <span class='ocrx_word' id='word_1_110' title='bbox 1233 1534 1292 1608; x_wconf 84' lang='lat'><strong>2,</strong></span> <span class='ocrx_word' id='word_1_111' title='bbox 1362 1537 1440 1590; x_wconf 83' lang='lat'><strong>95</strong></span> <span class='ocrx_word' id='word_1_112' title='bbox 1474 1535 1544 1593; x_wconf 90' lang='grc'><strong>01</strong></span> <span class='ocrx_word' id='word_1_113' title='bbox 1573 1529 1669 1593; x_wconf 87' lang='lat' dir='ltr'><strong>IV</strong></span> <span class='ocrx_word' id='word_1_114' title='bbox 1705 1535 1763 1608; x_wconf 83' lang='lat'><strong>2,</strong></span> <span class='ocrx_word' id='word_1_115' title='bbox 1830 1535 2127 1592; x_wconf 83' lang='lat'>97—100</span> <span class='ocrx_word' id='word_1_116' title='bbox 2194 1533 2511 1614; x_wconf 89' lang='lat' dir='ltr'><strong>exempla</strong></span> <span class='ocrx_word' id='word_1_117' title='bbox 2594 1531 2793 1611; x_wconf 87' lang='lat' dir='ltr'><strong>quasi</strong></span> <span class='ocrx_word' id='word_1_118' title='bbox 2866 1531 3207 1608; x_wconf 89' lang='lat' dir='ltr'><strong>omnibus,</strong></span> 
     </span>
     <span class='ocr_line' id='line_1_13' title="bbox 497 1631 3207 1716; baseline 0.001 -22"><span class='ocrx_word' id='word_1_119' title='bbox 497 1631 616 1710; x_wconf 90' lang='lat' dir='ltr'><strong>qui</strong></span> <span class='ocrx_word' id='word_1_120' title='bbox 663 1633 828 1696; x_wconf 91' lang='lat' dir='ltr'><strong>haec</strong></span> <span class='ocrx_word' id='word_1_121' title='bbox 884 1634 1132 1713; x_wconf 87' lang='lat' dir='ltr'><strong>legant,</strong></span> <span class='ocrx_word' id='word_1_122' title='bbox 1180 1640 1346 1699; x_wconf 90' lang='lat' dir='ltr'><strong>nota</strong></span> <span class='ocrx_word' id='word_1_123' title='bbox 1393 1633 1682 1716; x_wconf 85' lang='lat' dir='ltr'><strong>profert.</strong></span> <span class='ocrx_word' id='word_1_124' title='bbox 1744 1634 2051 1699; x_wconf 87' lang='lat' dir='ltr'><strong>Verbum</strong></span> <span class='ocrx_word' id='word_1_125' title='bbox 2098 1634 2267 1697; x_wconf 80' lang='lat' dir='ltr'><strong>color</strong></span> <span class='ocrx_word' id='word_1_126' title='bbox 2310 1639 2527 1715; x_wconf 86' lang='lat' dir='ltr'><strong>igitur</strong></span> <span class='ocrx_word' id='word_1_127' title='bbox 2570 1637 2643 1698; x_wconf 91' lang='grc'><strong>111</strong></span> <span class='ocrx_word' id='word_1_128' title='bbox 2688 1636 2811 1698; x_wconf 90' lang='grc'><strong>1110</strong></span> <span class='ocrx_word' id='word_1_129' title='bbox 2859 1637 3207 1700; x_wconf 84' lang='lat' dir='ltr'><strong>Iuvenalis</strong></span> 
     </span>
     <span class='ocr_line' id='line_1_14' title="bbox 496 1737 3203 1823; baseline 0.002 -26"><span class='ocrx_word' id='word_1_130' title='bbox 496 1754 702 1798; x_wconf 84' lang='lat' dir='ltr'><strong>versu</strong></span> <span class='ocrx_word' id='word_1_131' title='bbox 745 1737 933 1800; x_wconf 88' lang='lat' dir='ltr'><strong>idem</strong></span> <span class='ocrx_word' id='word_1_132' title='bbox 977 1745 1187 1819; x_wconf 88' lang='lat' dir='ltr'><strong>atque</strong></span> <span class='ocrx_word' id='word_1_133' title='bbox 1219 1739 1734 1803; x_wconf 87' lang='lat' dir='ltr'><strong>excusationem</strong></span> <span class='ocrx_word' id='word_1_134' title='bbox 1781 1739 1916 1803; x_wconf 91' lang='grc'><strong>81111</strong></span> <span class='ocrx_word' id='word_1_135' title='bbox 1947 1741 2124 1804; x_wconf 84' lang='lat' dir='ltr'><strong>velle</strong></span> <span class='ocrx_word' id='word_1_136' title='bbox 2170 1758 2257 1804; x_wconf 89' lang='lat' dir='ltr'><strong>ex</strong></span> <span class='ocrx_word' id='word_1_137' title='bbox 2290 1759 2373 1804; x_wconf 90' lang='grc'><strong>00</strong></span> <span class='ocrx_word' id='word_1_138' title='bbox 2422 1747 2731 1823; x_wconf 87' lang='lat' dir='ltr'><strong>apparet,</strong></span> <span class='ocrx_word' id='word_1_139' title='bbox 2778 1739 2969 1820; x_wconf 84' lang='lat' dir='ltr'><strong>quod</strong></span> <span class='ocrx_word' id='word_1_140' title='bbox 3017 1747 3203 1821; x_wconf 88' lang='lat' dir='ltr'><strong>post·</strong></span> 
     </span>
     <span class='ocr_line' id='line_1_15' title="bbox 499 1840 2494 1926; baseline 0.003 -23"><span class='ocrx_word' id='word_1_141' title='bbox 499 1859 704 1920; x_wconf 87' lang='lat' dir='ltr'><strong>quam</strong></span> <span class='ocrx_word' id='word_1_142' title='bbox 753 1842 840 1906; x_wconf 89' lang='lat' dir='ltr'><strong>de</strong></span> <span class='ocrx_word' id='word_1_143' title='bbox 884 1840 1145 1908; x_wconf 89' lang='lat' dir='ltr'><strong>femina</strong></span> <span class='ocrx_word' id='word_1_144' title='bbox 1188 1844 1468 1925; x_wconf 88' lang='lat' dir='ltr'><strong>perfida</strong></span> <span class='ocrx_word' id='word_1_145' title='bbox 1516 1844 1692 1908; x_wconf 87' lang='lat' dir='ltr'><strong>dixit</strong></span> <span class='ocrx_word' id='word_1_146' title='bbox 1736 1845 1811 1906; x_wconf 91' lang='lat' dir='ltr'><strong>in</strong></span> <span class='ocrx_word' id='word_1_147' title='bbox 1856 1851 1987 1910; x_wconf 90' lang='grc'><strong>881.</strong></span> <span class='ocrx_word' id='word_1_148' title='bbox 2034 1845 2126 1908; x_wconf 88' lang='lat' dir='ltr'><strong>VI</strong></span> <span class='ocrx_word' id='word_1_149' title='bbox 2174 1851 2297 1910; x_wconf 76' lang='lat'><strong>275</strong></span> <span class='ocrx_word' id='word_1_150' title='bbox 2344 1863 2494 1926; x_wconf 89' lang='lat' dir='ltr'><strong>sqq.</strong></span> 
     </span>
    </p>
   </div>
   <div class='ocr_carea' id='block_1_3' title="bbox 491 1963 3203 4710">
    <p class='ocr_par' dir='ltr' id='par_1_3' title="bbox 997 1963 1781 2045">
     <span class='ocr_line' id='line_1_16' title="bbox 997 1963 1781 2045; baseline -0.005 -13"><span class='ocrx_word' id='word_1_151' title='bbox 997 2013 1018 2032; x_wconf 91' lang='lat'><strong>.</strong></span> <span class='ocrx_word' id='word_1_152' title='bbox 1041 2014 1060 2032; x_wconf 91' lang='lat'><strong>.</strong></span> <span class='ocrx_word' id='word_1_153' title='bbox 1093 2013 1108 2030; x_wconf 94' lang='lat'><strong>.</strong></span> <span class='ocrx_word' id='word_1_154' title='bbox 1139 1972 1214 2027; x_wconf 78' lang='lat' dir='ltr'><strong>tu</strong></span> <span class='ocrx_word' id='word_1_155' title='bbox 1257 1963 1462 2030; x_wconf 78' lang='lat' dir='ltr'><strong>credis</strong></span> <span class='ocrx_word' id='word_1_156' title='bbox 1490 1986 1781 2045; x_wconf 82' lang='lat' dir='ltr'><strong>amorem,</strong></span> 
     </span>
    </p>

    <p class='ocr_par' dir='ltr' id='par_1_4' title="bbox 997 2067 2643 2154">
     <span class='ocr_line' id='line_1_17' title="bbox 997 2067 2643 2154; baseline 0.002 -24"><span class='ocrx_word' id='word_1_157' title='bbox 997 2078 1067 2131; x_wconf 82' lang='lat' dir='ltr'><strong>tu</strong></span> <span class='ocrx_word' id='word_1_158' title='bbox 1107 2067 1231 2133; x_wconf 78' lang='lat' dir='ltr'><strong>tibi</strong></span> <span class='ocrx_word' id='word_1_159' title='bbox 1259 2077 1427 2148; x_wconf 80' lang='lat' dir='ltr'><strong>tunc,</strong></span> <span class='ocrx_word' id='word_1_160' title='bbox 1476 2067 1712 2146; x_wconf 79' lang='lat' dir='ltr'><strong>Uruca‚</strong></span> <span class='ocrx_word' id='word_1_161' title='bbox 1750 2067 1980 2153; x_wconf 75' lang='lat' dir='ltr'><strong>places</strong></span> <span class='ocrx_word' id='word_1_162' title='bbox 2008 2068 2354 2154; x_wconf 83' lang='lat' dir='ltr'><strong>fletumque</strong></span> <span class='ocrx_word' id='word_1_163' title='bbox 2403 2067 2643 2134; x_wconf 69' lang='lat' dir='ltr'><strong>labellis·</strong></span> 
     </span>
    </p>

    <p class='ocr_par' dir='ltr' id='par_1_5' title="bbox 998 2172 2699 2260">
     <span class='ocr_line' id='line_1_18' title="bbox 998 2172 2699 2260; baseline 0.001 -23"><span class='ocrx_word' id='word_1_164' title='bbox 998 2172 1302 2255; x_wconf 63' lang='lat' dir='ltr'><strong>eat-sorbes,</strong></span> <span class='ocrx_word' id='word_1_165' title='bbox 1345 2195 1509 2260; x_wconf 86' lang='lat' dir='ltr'><strong>quae</strong></span> <span class='ocrx_word' id='word_1_166' title='bbox 1551 2174 1802 2260; x_wconf 74' lang='lat' dir='ltr'><strong>scripta</strong></span> <span class='ocrx_word' id='word_1_167' title='bbox 1845 2183 1907 2238; x_wconf 81' lang='lat' dir='ltr'><strong>et</strong></span> <span class='ocrx_word' id='word_1_168' title='bbox 1948 2184 2096 2258; x_wconf 86' lang='lat' dir='ltr'><strong>quot</strong></span> <span class='ocrx_word' id='word_1_169' title='bbox 2144 2173 2371 2238; x_wconf 77' lang='lat' dir='ltr'><strong>lecture</strong></span> <span class='ocrx_word' id='word_1_170' title='bbox 2418 2173 2699 2256; x_wconf 73' lang='lat' dir='ltr'><strong>tabellae,</strong></span> 
     </span>
    </p>

    <p class='ocr_par' dir='ltr' id='par_1_6' title="bbox 996 2275 2584 2365">
     <span class='ocr_line' id='line_1_19' title="bbox 996 2275 2584 2365; baseline 0.001 -24"><span class='ocrx_word' id='word_1_171' title='bbox 996 2279 1058 2341; x_wconf 77' lang='lat' dir='ltr'><strong>ei</strong></span> <span class='ocrx_word' id='word_1_172' title='bbox 1102 2277 1222 2343; x_wconf 77' lang='lat' dir='ltr'><strong>tibi</strong></span> <span class='ocrx_word' id='word_1_173' title='bbox 1245 2277 1570 2365; x_wconf 80' lang='lat' dir='ltr'><strong>zelotypae</strong></span> <span class='ocrx_word' id='word_1_174' title='bbox 1597 2287 1963 2364; x_wconf 79' lang='lat' dir='ltr'><strong>reteqantur</strong></span> <span class='ocrx_word' id='word_1_175' title='bbox 1992 2275 2234 2344; x_wconf 79' lang='lat' dir='ltr'><strong>scrinia</strong></span> <span class='ocrx_word' id='word_1_176' title='bbox 2262 2279 2584 2344; x_wconf 73' lang='lat' dir='ltr'><strong>moechae!</strong></span> 
     </span>
    </p>

    <p class='ocr_par' dir='ltr' id='par_1_7' title="bbox 497 2380 2584 2574">
     <span class='ocr_line' id='line_1_20' title="bbox 999 2380 2584 2468; baseline 0.001 -22"><span class='ocrx_word' id='word_1_177' title='bbox 999 2380 1133 2447; x_wconf 75' lang='lat' dir='ltr'><strong>Sed</strong></span> <span class='ocrx_word' id='word_1_178' title='bbox 1175 2384 1342 2448; x_wconf 80' lang='lat' dir='ltr'><strong>iacet</strong></span> <span class='ocrx_word' id='word_1_179' title='bbox 1384 2385 1455 2448; x_wconf 74' lang='lat' dir='ltr'><strong>iu</strong></span> <span class='ocrx_word' id='word_1_180' title='bbox 1499 2385 1676 2447; x_wconf 70' lang='lat' dir='ltr'><strong>sewi</strong></span> <span class='ocrx_word' id='word_1_181' title='bbox 1715 2381 2135 2468; x_wconf 72' lang='lat' dir='ltr'><strong>conplexibus</strong></span> <span class='ocrx_word' id='word_1_182' title='bbox 2162 2393 2278 2447; x_wconf 82' lang='lat' dir='ltr'><strong>aut</strong></span> <span class='ocrx_word' id='word_1_183' title='bbox 2322 2383 2584 2468; x_wconf 76' lang='lat' dir='ltr'><strong>equitie;</strong></span> 
     </span>
     <span class='ocr_line' id='line_1_21' title="bbox 497 2495 723 2574; baseline 0 -18"><span class='ocrx_word' id='word_1_184' title='bbox 497 2495 723 2574; x_wconf 82' lang='lat' dir='ltr'><strong>pergit</strong></span> 
     </span>
    </p>

    <p class='ocr_par' dir='ltr' id='par_1_8' title="bbox 1041 2593 1171 2675">
     <span class='ocr_line' id='line_1_22' title="bbox 1041 2593 1171 2675; baseline 0.008 -17"><span class='ocrx_word' id='word_1_185' title='bbox 1041 2593 1171 2675; x_wconf 78' lang='lat' dir='ltr'><strong>die,</strong></span> 
     </span>
    </p>

    <p class='ocr_par' dir='ltr' id='par_1_9' title="bbox 491 2697 3203 4710">
     <span class='ocr_line' id='line_1_23' title="bbox 1041 2697 2658 2784; baseline 0.002 -21"><span class='ocrx_word' id='word_1_186' title='bbox 1041 2699 1148 2763; x_wconf 77' lang='lat' dir='ltr'><strong>dic</strong></span> <span class='ocrx_word' id='word_1_187' title='bbox 1192 2697 1462 2784; x_wconf 77' lang='lat' dir='ltr'><strong>aliquem</strong></span> <span class='ocrx_word' id='word_1_188' title='bbox 1498 2698 1675 2762; x_wconf 72' lang='lat' dir='ltr'><strong>sodes</strong></span> <span class='ocrx_word' id='word_1_189' title='bbox 1713 2699 2275 2780; x_wconf 73' lang='lat' dir='ltr'><strong>hic,Quintiliane,</strong></span> <span class='ocrx_word' id='word_1_190' title='bbox 2325 2697 2658 2766; x_wconf 80' lang='lat' dir='ltr'><strong>colorem.</strong></span> 
     </span>
     <span class='ocr_line' id='line_1_24' title="bbox 495 2841 3203 2922; baseline 0 -17"><span class='ocrx_word' id='word_1_191' title='bbox 495 2845 535 2905; x_wconf 89' lang='lat' dir='ltr'><strong>i.</strong></span> <span class='ocrx_word' id='word_1_192' title='bbox 583 2862 638 2907; x_wconf 91' lang='grc'><strong>0.</strong></span> <span class='ocrx_word' id='word_1_193' title='bbox 677 2842 1119 2920; x_wconf 84' lang='lat' dir='ltr'><strong>Quintiliane,</strong></span> <span class='ocrx_word' id='word_1_194' title='bbox 1182 2843 1356 2905; x_wconf 89' lang='lat' dir='ltr'><strong>hanc</strong></span> <span class='ocrx_word' id='word_1_195' title='bbox 1416 2859 1566 2906; x_wconf 91' lang='lat' dir='ltr'><strong>rem</strong></span> <span class='ocrx_word' id='word_1_196' title='bbox 1631 2841 1929 2906; x_wconf 86' lang='lat' dir='ltr'><strong>defende</strong></span> <span class='ocrx_word' id='word_1_197' title='bbox 1993 2843 2293 2922; x_wconf 88' lang='lat' dir='ltr'><strong>quadam</strong></span> <span class='ocrx_word' id='word_1_198' title='bbox 2359 2844 2834 2919; x_wconf 89' lang='lat' dir='ltr'><strong>excusatione;</strong></span> <span class='ocrx_word' id='word_1_199' title='bbox 2895 2845 3203 2922; x_wconf 86' lang='lat' dir='ltr'><strong>postulat</strong></span> 
     </span>
     <span class='ocr_line' id='line_1_25' title="bbox 495 2943 3203 3028; baseline 0 -18"><span class='ocrx_word' id='word_1_200' title='bbox 495 2949 724 3028; x_wconf 88' lang='lat' dir='ltr'><strong>igitur,</strong></span> <span class='ocrx_word' id='word_1_201' title='bbox 770 2955 848 3011; x_wconf 90' lang='lat' dir='ltr'><strong>ut</strong></span> <span class='ocrx_word' id='word_1_202' title='bbox 893 2965 1006 3010; x_wconf 89' lang='lat' dir='ltr'><strong>res</strong></span> <span class='ocrx_word' id='word_1_203' title='bbox 1051 2948 1454 3028; x_wconf 86' lang='lat' dir='ltr'><strong>turpissima</strong></span> <span class='ocrx_word' id='word_1_204' title='bbox 1499 2947 1662 3010; x_wconf 88' lang='lat' dir='ltr'><strong>ficta</strong></span> <span class='ocrx_word' id='word_1_205' title='bbox 1711 2950 2029 3011; x_wconf 87' lang='lat' dir='ltr'><strong>oratione</strong></span> <span class='ocrx_word' id='word_1_206' title='bbox 2092 2953 2477 3013; x_wconf 84' lang='lat' dir='ltr'><strong>excusetur.</strong></span> <span class='ocrx_word' id='word_1_207' title='bbox 2542 2943 2745 3020; x_wconf 91' lang='lat' dir='ltr'><strong>Quod</strong></span> <span class='ocrx_word' id='word_1_208' title='bbox 2808 2947 2895 3010; x_wconf 91' lang='lat' dir='ltr'><strong>ad</strong></span> <span class='ocrx_word' id='word_1_209' title='bbox 2938 2947 3203 3022; x_wconf 90' lang='lat' dir='ltr'><strong>Quinti-</strong></span> 
     </span>
     <span class='ocr_line' id='line_1_26' title="bbox 492 3049 3199 3133; baseline 0 -17"><span class='ocrx_word' id='word_1_210' title='bbox 492 3054 656 3118; x_wconf 90' lang='lat' dir='ltr'><strong>liani</strong></span> <span class='ocrx_word' id='word_1_211' title='bbox 704 3071 906 3117; x_wconf 91' lang='lat' dir='ltr'><strong>usum</strong></span> <span class='ocrx_word' id='word_1_212' title='bbox 969 3051 1174 3116; x_wconf 92' lang='lat' dir='ltr'><strong>huius</strong></span> <span class='ocrx_word' id='word_1_213' title='bbox 1236 3053 1430 3116; x_wconf 82' lang='lat' dir='ltr'><strong>vocis</strong></span> <span class='ocrx_word' id='word_1_214' title='bbox 1495 3051 1845 3132; x_wconf 86' lang='lat' dir='ltr'><strong>quadrare</strong></span> <span class='ocrx_word' id='word_1_215' title='bbox 1906 3070 2110 3116; x_wconf 88' lang='lat' dir='ltr'><strong>nemo</strong></span> <span class='ocrx_word' id='word_1_216' title='bbox 2174 3070 2426 3133; x_wconf 83' lang='lat' dir='ltr'><strong>negare</strong></span> <span class='ocrx_word' id='word_1_217' title='bbox 2483 3057 2734 3132; x_wconf 82' lang='lat' dir='ltr'><strong>potest.</strong></span> <span class='ocrx_word' id='word_1_218' title='bbox 2793 3049 3019 3132; x_wconf 84' lang='lat' dir='ltr'><strong>At&#39;que</strong></span> <span class='ocrx_word' id='word_1_219' title='bbox 3082 3055 3199 3133; x_wconf 90' lang='lat' dir='ltr'><strong>qui</strong></span> 
     </span>
     <span class='ocr_line' id='line_1_27' title="bbox 494 3157 3202 3239; baseline -0 -17"><span class='ocrx_word' id='word_1_220' title='bbox 494 3160 892 3224; x_wconf 84' lang='lat' dir='ltr'><strong>Iuvenalem</strong></span> <span class='ocrx_word' id='word_1_221' title='bbox 940 3157 1351 3231; x_wconf 87' lang='lat' dir='ltr'><strong>Quintiliani</strong></span> <span class='ocrx_word' id='word_1_222' title='bbox 1415 3174 1670 3222; x_wconf 90' lang='lat' dir='ltr'><strong>nomen</strong></span> <span class='ocrx_word' id='word_1_223' title='bbox 1718 3157 1939 3221; x_wconf 85' lang='lat' dir='ltr'><strong>verbo</strong></span> <span class='ocrx_word' id='word_1_224' title='bbox 2004 3159 2156 3239; x_wconf 90' lang='lat' dir='ltr'><strong>ipso</strong></span> <span class='ocrx_word' id='word_1_225' title='bbox 2206 3157 2465 3221; x_wconf 87' lang='lat' dir='ltr'><strong>coloris</strong></span> <span class='ocrx_word' id='word_1_226' title='bbox 2511 3157 2829 3221; x_wconf 86' lang='lat' dir='ltr'><strong>adhibito</strong></span> <span class='ocrx_word' id='word_1_227' title='bbox 2890 3159 3202 3222; x_wconf 86' lang='lat' dir='ltr'><strong>attulisse</strong></span> 
     </span>
     <span class='ocr_line' id='line_1_28' title="bbox 493 3260 3199 3346; baseline -0.001 -18"><span class='ocrx_word' id='word_1_228' title='bbox 493 3285 726 3329; x_wconf 89' lang='lat' dir='ltr'><strong>secum</strong></span> <span class='ocrx_word' id='word_1_229' title='bbox 760 3264 1208 3346; x_wconf 84' lang='lat' dir='ltr'><strong>reputaverit,</strong></span> <span class='ocrx_word' id='word_1_230' title='bbox 1237 3266 1295 3326; x_wconf 90' lang='lat' dir='ltr'><strong>is</strong></span> <span class='ocrx_word' id='word_1_231' title='bbox 1330 3281 1487 3326; x_wconf 90' lang='lat' dir='ltr'><strong>eum</strong></span> <span class='ocrx_word' id='word_1_232' title='bbox 1516 3264 1691 3326; x_wconf 90' lang='lat' dir='ltr'><strong>hanc</strong></span> <span class='ocrx_word' id='word_1_233' title='bbox 1731 3280 1879 3327; x_wconf 90' lang='lat' dir='ltr'><strong>rem</strong></span> <span class='ocrx_word' id='word_1_234' title='bbox 1910 3265 1983 3326; x_wconf 90' lang='lat' dir='ltr'><strong>in</strong></span> <span class='ocrx_word' id='word_1_235' title='bbox 2003 3261 2410 3335; x_wconf 84' lang='lat' dir='ltr'><strong>Quintiliani</strong></span> <span class='ocrx_word' id='word_1_236' title='bbox 2432 3260 2671 3326; x_wconf 87' lang='lat' dir='ltr'><strong>schola</strong></span> <span class='ocrx_word' id='word_1_237' title='bbox 2688 3262 3013 3326; x_wconf 89' lang='lat' dir='ltr'><strong>didicisse</strong></span> <span class='ocrx_word' id='word_1_238' title='bbox 3044 3280 3199 3343; x_wconf 89' lang='lat' dir='ltr'><strong>pro-</strong></span> 
     </span>
     <span class='ocr_line' id='line_1_29' title="bbox 495 3367 3200 3449; baseline -0.001 -15"><span class='ocrx_word' id='word_1_239' title='bbox 495 3369 718 3434; x_wconf 88' lang='lat' dir='ltr'><strong>babile</strong></span> <span class='ocrx_word' id='word_1_240' title='bbox 764 3387 916 3434; x_wconf 84' lang='grc'><strong>0880</strong></span> <span class='ocrx_word' id='word_1_241' title='bbox 955 3368 1300 3433; x_wconf 87' lang='lat' dir='ltr'><strong>concedet.</strong></span> <span class='ocrx_word' id='word_1_242' title='bbox 1347 3368 1562 3447; x_wconf 87' lang='lat' dir='ltr'><strong>Adde,</strong></span> <span class='ocrx_word' id='word_1_243' title='bbox 1598 3369 1790 3448; x_wconf 92' lang='lat' dir='ltr'><strong>quod</strong></span> <span class='ocrx_word' id='word_1_244' title='bbox 1823 3385 2045 3449; x_wconf 90' lang='lat' dir='ltr'><strong>neque</strong></span> <span class='ocrx_word' id='word_1_245' title='bbox 2077 3370 2197 3448; x_wconf 89' lang='lat' dir='ltr'><strong>qui</strong></span> <span class='ocrx_word' id='word_1_246' title='bbox 2230 3369 2319 3432; x_wconf 88' lang='lat' dir='ltr'><strong>ad</strong></span> <span class='ocrx_word' id='word_1_247' title='bbox 2350 3367 2783 3432; x_wconf 89' lang='lat' dir='ltr'><strong>Herennium</strong></span> <span class='ocrx_word' id='word_1_248' title='bbox 2814 3368 2900 3432; x_wconf 91' lang='lat' dir='ltr'><strong>de</strong></span> <span class='ocrx_word' id='word_1_249' title='bbox 2929 3367 3200 3432; x_wconf 88' lang='lat' dir='ltr'><strong>ratione</strong></span> 
     </span>
     <span class='ocr_line' id='line_1_30' title="bbox 495 3467 3199 3556; baseline -0.001 -17"><span class='ocrx_word' id='word_1_250' title='bbox 495 3476 768 3540; x_wconf 90' lang='lat' dir='ltr'><strong>dicendi</strong></span> <span class='ocrx_word' id='word_1_251' title='bbox 799 3475 1098 3556; x_wconf 88' lang='lat' dir='ltr'><strong>scripsit,</strong></span> <span class='ocrx_word' id='word_1_252' title='bbox 1128 3491 1352 3553; x_wconf 91' lang='lat' dir='ltr'><strong>neque</strong></span> <span class='ocrx_word' id='word_1_253' title='bbox 1398 3473 1644 3536; x_wconf 86' lang='lat' dir='ltr'><strong>Cicero</strong></span> <span class='ocrx_word' id='word_1_254' title='bbox 1677 3473 1965 3536; x_wconf 89' lang='lat' dir='ltr'><strong>eandem</strong></span> <span class='ocrx_word' id='word_1_255' title='bbox 1998 3474 2252 3536; x_wconf 89' lang='lat' dir='ltr'><strong>coloris</strong></span> <span class='ocrx_word' id='word_1_256' title='bbox 2284 3473 2869 3554; x_wconf 86' lang='lat' dir='ltr'><strong>significationem</strong></span> <span class='ocrx_word' id='word_1_257' title='bbox 2884 3467 3199 3553; x_wconf 86' lang='lat' dir='ltr'><strong>praebet.</strong></span> 
     </span>
     <span class='ocr_line' id='line_1_31' title="bbox 494 3577 3199 3661; baseline -0.001 -17"><span class='ocrx_word' id='word_1_258' title='bbox 494 3581 732 3661; x_wconf 87' lang='lat' dir='ltr'><strong>Neque</strong></span> <span class='ocrx_word' id='word_1_259' title='bbox 777 3580 850 3644; x_wconf 88' lang='lat' dir='ltr'><strong>id</strong></span> <span class='ocrx_word' id='word_1_260' title='bbox 897 3579 1174 3644; x_wconf 85' lang='lat' dir='ltr'><strong>obstare</strong></span> <span class='ocrx_word' id='word_1_261' title='bbox 1224 3583 1470 3659; x_wconf 88' lang='lat' dir='ltr'><strong>potest,</strong></span> <span class='ocrx_word' id='word_1_262' title='bbox 1519 3579 1710 3658; x_wconf 90' lang='lat' dir='ltr'><strong>quod</strong></span> <span class='ocrx_word' id='word_1_263' title='bbox 1739 3577 2238 3652; x_wconf 88' lang='lat' dir='ltr'><strong>Quintilianum</strong></span> <span class='ocrx_word' id='word_1_264' title='bbox 2286 3596 2430 3641; x_wconf 91' lang='lat' dir='ltr'><strong>non</strong></span> <span class='ocrx_word' id='word_1_265' title='bbox 2474 3579 2777 3658; x_wconf 88' lang='lat' dir='ltr'><strong>primum</strong></span> <span class='ocrx_word' id='word_1_266' title='bbox 2816 3577 2948 3641; x_wconf 82' lang='lat' dir='ltr'><strong>hac</strong></span> <span class='ocrx_word' id='word_1_267' title='bbox 2988 3579 3199 3657; x_wconf 87' lang='lat' dir='ltr'><strong>signi·</strong></span> 
     </span>
     <span class='ocr_line' id='line_1_32' title="bbox 495 3681 3197 3765; baseline -0 -17"><span class='ocrx_word' id='word_1_268' title='bbox 495 3687 824 3750; x_wconf 86' lang='lat' dir='ltr'><strong>ficatione</strong></span> <span class='ocrx_word' id='word_1_269' title='bbox 870 3684 1056 3765; x_wconf 89' lang='lat' dir='ltr'><strong>apud</strong></span> <span class='ocrx_word' id='word_1_270' title='bbox 1111 3684 1463 3747; x_wconf 89' lang='lat' dir='ltr'><strong>Romanos</strong></span> <span class='ocrx_word' id='word_1_271' title='bbox 1532 3701 1733 3746; x_wconf 87' lang='lat' dir='ltr'><strong>usum</strong></span> <span class='ocrx_word' id='word_1_272' title='bbox 1801 3693 1951 3747; x_wconf 84' lang='grc'><strong>0880</strong></span> <span class='ocrx_word' id='word_1_273' title='bbox 2018 3689 2307 3748; x_wconf 88' lang='grc'><strong>00118181.</strong></span> <span class='ocrx_word' id='word_1_274' title='bbox 2386 3682 2689 3747; x_wconf 86' lang='lat' dir='ltr'><strong>Graecos</strong></span> <span class='ocrx_word' id='word_1_275' title='bbox 2764 3681 2949 3746; x_wconf 89' lang='lat' dir='ltr'><strong>enim</strong></span> <span class='ocrx_word' id='word_1_276' title='bbox 3012 3683 3197 3747; x_wconf 90' lang='lat' dir='ltr'><strong>idem</strong></span> 
     </span>
     <span class='ocr_line' id='line_1_33' title="bbox 495 3787 3196 3869; baseline -0.001 -14"><span class='ocrx_word' id='word_1_277' title='bbox 495 3791 818 3855; x_wconf 87' lang='lat' dir='ltr'><strong>docuisse</strong></span> <span class='ocrx_word' id='word_1_278' title='bbox 849 3791 1074 3854; x_wconf 88' lang='lat' dir='ltr'><strong>elucet</strong></span> <span class='ocrx_word' id='word_1_279' title='bbox 1104 3807 1190 3853; x_wconf 87' lang='lat' dir='ltr'><strong>ex</strong></span> <span class='ocrx_word' id='word_1_280' title='bbox 1222 3795 1373 3852; x_wconf 87' lang='lat' dir='ltr'><strong>arte</strong></span> <span class='ocrx_word' id='word_1_281' title='bbox 1404 3790 1758 3852; x_wconf 89' lang='lat' dir='ltr'><strong>rhetorica</strong></span> <span class='ocrx_word' id='word_1_282' title='bbox 1793 3806 1968 3869; x_wconf 91' lang='lat' dir='ltr'><strong>quae</strong></span> <span class='ocrx_word' id='word_1_283' title='bbox 2000 3806 2257 3852; x_wconf 90' lang='lat' dir='ltr'><strong>nomen</strong></span> <span class='ocrx_word' id='word_1_284' title='bbox 2291 3787 2608 3868; x_wconf 86' lang='lat' dir='ltr'><strong>Dionysii</strong></span> <span class='ocrx_word' id='word_1_285' title='bbox 2640 3787 3196 3852; x_wconf 87' lang='lat' dir='ltr'><strong>Halicarnassen-</strong></span> 
     </span>
     <span class='ocr_line' id='line_1_34' title="bbox 493 3892 3193 3979; baseline -0 -20"><span class='ocrx_word' id='word_1_286' title='bbox 493 3899 589 3960; x_wconf 89' lang='lat' dir='ltr'><strong>sis</strong></span> <span class='ocrx_word' id='word_1_287' title='bbox 651 3913 816 3979; x_wconf 87' lang='lat' dir='ltr'><strong>prae</strong></span> <span class='ocrx_word' id='word_1_288' title='bbox 863 3913 937 3959; x_wconf 90' lang='grc'><strong>80</strong></span> <span class='ocrx_word' id='word_1_289' title='bbox 1002 3893 1160 3973; x_wconf 89' lang='lat' dir='ltr'><strong>fert,</strong></span> <span class='ocrx_word' id='word_1_290' title='bbox 1225 3913 1280 3960; x_wconf 92' lang='grc'><strong>0.</strong></span> <span class='ocrx_word' id='word_1_291' title='bbox 1328 3892 1493 3956; x_wconf 88' lang='lat' dir='ltr'>VIII</span> <span class='ocrx_word' id='word_1_292' title='bbox 1539 3900 1608 3958; x_wconf 90' lang='lat' dir='ltr'><strong>et</strong></span> <span class='ocrx_word' id='word_1_293' title='bbox 1636 3892 1751 3972; x_wconf 90' lang='lat' dir='ltr'><strong>IX,</strong></span> <span class='ocrx_word' id='word_1_294' title='bbox 1782 3894 1904 3957; x_wconf 92' lang='lat' dir='ltr'><strong>ubi</strong></span> <span class='ocrx_word' id='word_1_295' title='bbox 1967 3912 2107 3956; x_wconf 82' lang='lat' dir='ltr'><strong>vox</strong></span> <span class='ocrx_word' id='word_1_296' title='bbox 2178 3900 2403 3975; x_wconf 77' lang='grc' dir='ltr'><strong><em>χρῶμα</em></strong></span> <span class='ocrx_word' id='word_1_297' title='bbox 2446 3894 2519 3956; x_wconf 90' lang='grc'><strong>111</strong></span> <span class='ocrx_word' id='word_1_298' title='bbox 2584 3892 2827 3957; x_wconf 89' lang='lat' dir='ltr'><strong>eodem</strong></span> <span class='ocrx_word' id='word_1_299' title='bbox 2882 3910 3015 3957; x_wconf 91' lang='lat' dir='ltr'><strong>usu</strong></span> <span class='ocrx_word' id='word_1_300' title='bbox 3060 3901 3163 3958; x_wconf 88' lang='lat' dir='ltr'><strong>est</strong></span> <span class='ocrx_word' id='word_1_301' title='bbox 3176 3915 3193 3973; x_wconf 79' lang='lat'><em>3</em></span> 
     </span>
     <span class='ocr_line' id='line_1_35' title="bbox 495 3987 3196 4082; baseline -0.001 -17"><span class='ocrx_word' id='word_1_302' title='bbox 495 4009 702 4082; x_wconf 91' lang='lat' dir='ltr'><strong>atque</strong></span> <span class='ocrx_word' id='word_1_303' title='bbox 750 4020 904 4066; x_wconf 91' lang='lat' dir='ltr'><strong>cum</strong></span> <span class='ocrx_word' id='word_1_304' title='bbox 953 4002 1083 4065; x_wconf 94' lang='lat' dir='ltr'><strong>hoc</strong></span> <span class='ocrx_word' id='word_1_305' title='bbox 1127 3999 1286 4064; x_wconf 91' lang='grc'><strong>1000</strong></span> <span class='ocrx_word' id='word_1_306' title='bbox 1336 4001 1633 4064; x_wconf 86' lang='grc'><strong>8110111111</strong></span> <span class='ocrx_word' id='word_1_307' title='bbox 1666 3998 2035 4062; x_wconf 87' lang='lat' dir='ltr'><strong>sententiis</strong></span> <span class='ocrx_word' id='word_1_308' title='bbox 2082 3987 2546 4080; x_wconf 87' lang='lat' dir='ltr'><strong>oppugnetur,</strong></span> <span class='ocrx_word' id='word_1_309' title='bbox 2595 4000 2847 4061; x_wconf 86' lang='lat' dir='ltr'><strong>multos</strong></span> <span class='ocrx_word' id='word_1_310' title='bbox 2878 3997 3196 4063; x_wconf 87' lang='lat' dir='ltr'><strong>rhetores</strong></span> 
     </span>
     <span class='ocr_line' id='line_1_36' title="bbox 493 4101 3197 4188; baseline -0.001 -19"><span class='ocrx_word' id='word_1_311' title='bbox 493 4107 679 4171; x_wconf 90' lang='lat' dir='ltr'><strong>idem</strong></span> <span class='ocrx_word' id='word_1_312' title='bbox 733 4106 1096 4188; x_wconf 87' lang='lat' dir='ltr'><strong>professos</strong></span> <span class='ocrx_word' id='word_1_313' title='bbox 1172 4121 1324 4169; x_wconf 89' lang='lat' dir='ltr'><strong>esse</strong></span> <span class='ocrx_word' id='word_1_314' title='bbox 1387 4104 1708 4167; x_wconf 89' lang='lat' dir='ltr'><strong>concludi</strong></span> <span class='ocrx_word' id='word_1_315' title='bbox 1772 4109 2020 4184; x_wconf 91' lang='lat' dir='ltr'><strong>potest.</strong></span> <span class='ocrx_word' id='word_1_316' title='bbox 2097 4104 2187 4165; x_wconf 89' lang='lat' dir='ltr'><strong>At</strong></span> <span class='ocrx_word' id='word_1_317' title='bbox 2261 4104 2446 4185; x_wconf 89' lang='lat' dir='ltr'><strong>apud</strong></span> <span class='ocrx_word' id='word_1_318' title='bbox 2514 4103 2864 4166; x_wconf 88' lang='lat' dir='ltr'><strong>Romanos</strong></span> <span class='ocrx_word' id='word_1_319' title='bbox 2918 4101 3197 4167; x_wconf 89' lang='lat' dir='ltr'><strong>Iunium</strong></span> 
     </span>
     <span class='ocr_line' id='line_1_37' title="bbox 496 4203 3196 4292; baseline -0.002 -16"><span class='ocrx_word' id='word_1_320' title='bbox 496 4213 841 4276; x_wconf 88' lang='lat' dir='ltr'><strong>Othonem</strong></span> <span class='ocrx_word' id='word_1_321' title='bbox 889 4203 1244 4292; x_wconf 79' lang='lat' dir='ltr'><strong>quendam&#39;</strong></span> <span class='ocrx_word' id='word_1_322' title='bbox 1279 4204 1607 4290; x_wconf 81' lang='lat' dir='ltr'><strong>quattuor</strong></span> <span class='ocrx_word' id='word_1_323' title='bbox 1655 4206 1738 4273; x_wconf 89' lang='lat' dir='ltr'><strong>de</strong></span> <span class='ocrx_word' id='word_1_324' title='bbox 1784 4209 2021 4272; x_wconf 89' lang='lat' dir='ltr'><strong>colore</strong></span> <span class='ocrx_word' id='word_1_325' title='bbox 2064 4205 2289 4271; x_wconf 89' lang='grc'><strong>1111108</strong></span> <span class='ocrx_word' id='word_1_326' title='bbox 2334 4205 2698 4287; x_wconf 80' lang='lat' dir='ltr'><strong>scripsisse</strong></span> <span class='ocrx_word' id='word_1_327' title='bbox 2742 4207 3002 4272; x_wconf 90' lang='lat' dir='ltr'><strong>Seneca</strong></span> <span class='ocrx_word' id='word_1_328' title='bbox 3046 4208 3196 4272; x_wconf 92' lang='lat' dir='ltr'><strong>rhe-</strong></span> 
     </span>
     <span class='ocr_line' id='line_1_38' title="bbox 495 4312 3197 4396; baseline -0.001 -15"><span class='ocrx_word' id='word_1_329' title='bbox 495 4325 609 4383; x_wconf 88' lang='lat' dir='ltr'><strong>tor</strong></span> <span class='ocrx_word' id='word_1_330' title='bbox 655 4319 854 4381; x_wconf 88' lang='lat' dir='ltr'><strong>testis</strong></span> <span class='ocrx_word' id='word_1_331' title='bbox 901 4323 1006 4379; x_wconf 90' lang='lat' dir='ltr'><strong>est</strong></span> <span class='ocrx_word' id='word_1_332' title='bbox 1051 4335 1114 4396; x_wconf 93' lang='lat' dir='ltr'><strong>p.</strong></span> <span class='ocrx_word' id='word_1_333' title='bbox 1167 4323 1266 4394; x_wconf 84' lang='grc'><strong>49,</strong></span> <span class='ocrx_word' id='word_1_334' title='bbox 1312 4334 1378 4396; x_wconf 92' lang='lat' dir='ltr'><strong>p.</strong></span> <span class='ocrx_word' id='word_1_335' title='bbox 1429 4321 1548 4378; x_wconf 87' lang='lat'><strong>125</strong></span> <span class='ocrx_word' id='word_1_336' title='bbox 1595 4314 1681 4378; x_wconf 93' lang='lat' dir='ltr'><strong>M.</strong></span> <span class='ocrx_word' id='word_1_337' title='bbox 1740 4312 1931 4386; x_wconf 85' lang='lat' dir='ltr'><strong>Quos</strong></span> <span class='ocrx_word' id='word_1_338' title='bbox 1977 4314 2199 4377; x_wconf 87' lang='lat' dir='ltr'><strong>libros</strong></span> <span class='ocrx_word' id='word_1_339' title='bbox 2244 4314 2369 4377; x_wconf 90' lang='grc'><strong>1180</strong></span> <span class='ocrx_word' id='word_1_340' title='bbox 2413 4314 2485 4375; x_wconf 86' lang='grc'><strong>111</strong></span> <span class='ocrx_word' id='word_1_341' title='bbox 2529 4331 2607 4377; x_wconf 90' lang='grc'><strong>10</strong></span> <span class='ocrx_word' id='word_1_342' title='bbox 2652 4312 2871 4380; x_wconf 82' lang='lat' dir='ltr'><strong>fuisse</strong></span> <span class='ocrx_word' id='word_1_343' title='bbox 2916 4312 3197 4390; x_wconf 89' lang='lat' dir='ltr'><strong>fontem,</strong></span> 
     </span>
     <span class='ocr_line' id='line_1_39' title="bbox 495 4417 3195 4499; baseline -0.002 -13"><span class='ocrx_word' id='word_1_344' title='bbox 495 4423 680 4487; x_wconf 89' lang='lat' dir='ltr'><strong>unde</strong></span> <span class='ocrx_word' id='word_1_345' title='bbox 734 4429 802 4486; x_wconf 91' lang='lat' dir='ltr'><strong>et</strong></span> <span class='ocrx_word' id='word_1_346' title='bbox 847 4421 1106 4485; x_wconf 87' lang='lat' dir='ltr'><strong>Seneca</strong></span> <span class='ocrx_word' id='word_1_347' title='bbox 1151 4427 1220 4484; x_wconf 90' lang='grc'><strong>01</strong></span> <span class='ocrx_word' id='word_1_348' title='bbox 1266 4419 1732 4492; x_wconf 88' lang='lat' dir='ltr'><strong>Quintilianus</strong></span> <span class='ocrx_word' id='word_1_349' title='bbox 1781 4421 2094 4499; x_wconf 87' lang='lat' dir='ltr'><strong>exempla</strong></span> <span class='ocrx_word' id='word_1_350' title='bbox 2140 4419 2571 4497; x_wconf 85' lang='lat' dir='ltr'><strong>collegerunt</strong></span> <span class='ocrx_word' id='word_1_351' title='bbox 2633 4417 2995 4497; x_wconf 86' lang='lat' dir='ltr'><strong>probabile</strong></span> <span class='ocrx_word' id='word_1_352' title='bbox 3043 4436 3195 4481; x_wconf 87' lang='lat' dir='ltr'><strong>esse</strong></span> 
     </span>
     <span class='ocr_line' id='line_1_40' title="bbox 491 4521 3189 4608; baseline -0.003 -16"><span class='ocrx_word' id='word_1_353' title='bbox 491 4532 682 4608; x_wconf 89' lang='lat' dir='ltr'><strong>puto.</strong></span> <span class='ocrx_word' id='word_1_354' title='bbox 745 4525 1205 4590; x_wconf 85' lang='lat' dir='ltr'><strong>Nihilominus</strong></span> <span class='ocrx_word' id='word_1_355' title='bbox 1251 4525 1670 4604; x_wconf 84' lang='lat' dir='ltr'><strong>Iuvenalem,</strong></span> <span class='ocrx_word' id='word_1_356' title='bbox 1743 4543 1921 4604; x_wconf 84' lang='lat' dir='ltr'><strong>quae</strong></span> <span class='ocrx_word' id='word_1_357' title='bbox 1965 4524 2053 4588; x_wconf 88' lang='lat' dir='ltr'><strong>de</strong></span> <span class='ocrx_word' id='word_1_358' title='bbox 2116 4525 2351 4586; x_wconf 86' lang='lat' dir='ltr'><strong>colore</strong></span> <span class='ocrx_word' id='word_1_359' title='bbox 2417 4523 2695 4598; x_wconf 88' lang='lat' dir='ltr'><strong>sciebat,</strong></span> <span class='ocrx_word' id='word_1_360' title='bbox 2762 4521 3189 4594; x_wconf 88' lang='lat' dir='ltr'><strong>Quintiliano</strong></span> 
     </span>
     <span class='ocr_line' id='line_1_41' title="bbox 494 4628 2215 4710; baseline -0.001 -15"><span class='ocrx_word' id='word_1_361' title='bbox 494 4630 822 4695; x_wconf 89' lang='lat' dir='ltr'><strong>debuisse</strong></span> <span class='ocrx_word' id='word_1_362' title='bbox 867 4649 954 4694; x_wconf 86' lang='lat' dir='ltr'><strong>ex</strong></span> <span class='ocrx_word' id='word_1_363' title='bbox 1001 4633 1118 4708; x_wconf 91' lang='lat' dir='ltr'><strong>eis,</strong></span> <span class='ocrx_word' id='word_1_364' title='bbox 1184 4648 1353 4710; x_wconf 87' lang='lat' dir='ltr'><strong>quae</strong></span> <span class='ocrx_word' id='word_1_365' title='bbox 1397 4647 1607 4708; x_wconf 84' lang='lat' dir='ltr'><strong>supra</strong></span> <span class='ocrx_word' id='word_1_366' title='bbox 1654 4628 1817 4706; x_wconf 86' lang='lat' dir='ltr'><strong>dixi,</strong></span> <span class='ocrx_word' id='word_1_367' title='bbox 1864 4635 2215 4710; x_wconf 59' lang='lat' dir='ltr'><strong>appareat..</strong></span> 
     </span>
    </p>
   </div>
   <div class='ocr_carea' id='block_1_4' title="bbox 495 4754 910 4764">
    <p class='ocr_par' dir='ltr' id='par_1_10' title="bbox 495 4754 910 4764">
     <span class='ocr_line' id='line_1_42' title="bbox 495 4754 910 4764; baseline 0 345"><span class='ocrx_word' id='word_1_368' title='bbox 495 4754 910 4764; x_wconf 95' lang='lat' dir='ltr'><strong> </strong></span> 
     </span>
    </p>
   </div>
   <div class='ocr_carea' id='block_1_5' title="bbox 707 4803 1645 4868">
    <p class='ocr_par' dir='ltr' id='par_1_11' title="bbox 707 4803 1645 4868">
     <span class='ocr_line' id='line_1_43' title="bbox 707 4803 1645 4868; baseline -0.001 -12"><span class='ocrx_word' id='word_1_369' title='bbox 707 4805 745 4866; x_wconf 84' lang='lat'><strong>¹)</strong></span> <span class='ocrx_word' id='word_1_370' title='bbox 783 4805 1002 4868; x_wconf 85' lang='lat' dir='ltr'><strong>Sequor</strong></span> <span class='ocrx_word' id='word_1_371' title='bbox 1041 4803 1288 4854; x_wconf 76' lang='lat' dir='ltr'><strong>Meisteri</strong></span> <span class='ocrx_word' id='word_1_372' title='bbox 1323 4803 1645 4855; x_wconf 83' lang='lat' dir='ltr'><strong>editionem.</strong></span> 
     </span>
    </p>
   </div>
  </div>
 </body>
</html>
