3567 5109
1438 327 1906 391 -173—

315 523 634 585 rhetores
668 519 996 584 Graecam
1029 520 1340 600 linguam
1371 522 1798 600 repudiasse.
1854 523 1955 585 Eo
2002 523 2162 602 plus
2208 521 2279 584 id
2312 522 2557 600 valeat,
2605 523 2793 601 quod
2839 521 3025 600 apud

313 625 712 689 Iuvenalem
757 625 928 687 haec
962 625 1178 688 verba
1210 625 1489 703 Graeca,
1537 644 1716 705 quae
1763 645 1925 690 raro
1974 629 2044 688 in
2092 645 2223 690 usu
2271 633 2492 702 erant,
2540 627 3022 690 inveniuntur:

316 727 718 812 archetypus,
796 725 1294 813 archz'vrzayirus,
1369 727 1754 816 aretaloyus,
1848 727 2048 806 hocta,
2128 729 2467 806 cocoethus,
2542 729 3025 813 cercopithecus,

323 854 600 912 ceroma,
645 830 1056 910 chironomos,
1102 832 1530 914 chironomon,
1579 832 1931 910 choraules,
1999 843 2269 913 cometes,
2322 831 2631 912 elenchus,
2687 831 3031 912 endromis,

321 935 730 1025 enthymema,
775 936 1142 1020 ephemeris,
1184 946 1543 1021 ycometres,
1589 936 1966 1018 hecatombe,
2012 938 2445 1022 hippomanes,
2511 935 2797 1016 naulum,
2843 959 3027 1023 onyoe,

321 1042 553 1121 oreoeis,
613 1042 946 1126 paropsis,
1017 1050 1372 1129 petam-um,
1433 1042 1756 1128 pharetra,
1819 1041 2073 1128 philtra,
2126 1043 2429 1127 Phasma,
2478 1043 3028 1128 phoenicoptems,

311 1146 669 1232 phrenesis,
726 1145 984 1231 pthisis,
1033 1169 1428 1233 poppysma,
1485 1148 1863 1231 porthmeus,
1916 1148 2289 1232 proseucha,
2332 1169 2671 1234 pyqaryus‚
2735 1147 3029 1234 pytisnm,

321 1249 594 1329 sabbata,
639 1251 1083 1330 schoenobates,
1127 1251 1450 1336 zelotypus.

323 1441 329 1447 ο
531 1359 832 1435 Accedit,
881 1360 1071 1439 quod
1119 1360 1303 1440 apud
1349 1362 1750 1424 Iuvenalem
1798 1361 2064 1424 solum
2111 1361 2445 1424 nonnulla
2474 1362 2687 1424 verba
2720 1360 3031 1439 elingua

323 1463 588 1526 Graeca
621 1470 901 1544 sumpta
931 1465 1264 1544 legimus3
1301 1473 1462 1527 sunt
1494 1471 1724 1527 autem
1757 1468 1955 1529 haec:
1992 1465 2120 1528 VII
2144 1471 2267 1526 218
2297 1472 2709 1526 acoenonetus
2736 1463 3032 1542 (ἀκοινώ-

323 1587 518 1650 νητος
533 1568 618 1646 1);
668 1569 774 1630 III
809 1575 885 1629 46
934 1565 1349 1629 anabathmon
1384 1569 1863 1652 (ἀνάβαθρον),
1912 1570 1984 1632 II
2034 1573 2114 1633 92
2159 1567 2383 1652 baptae
2431 1565 2762 1650 (βάπται);
2813 1568 2917 1631 III
2953 1575 3031 1630 68

329 1671 738 1732 ceromaticus
793 1671 1342 1754 (κηρωματικός);
1395 1673 1484 1736 VI
1534 1679 1656 1735 477
1717 1681 2019 1735 cosmetae
2076 1671 2473 1755 (κοσμηταί);
2540 1674 2666 1735 VII
2718 1677 2839 1732 1⁴20
2904 1671 3033 1754 epi-

325 1773 538 1835 menia
583 1773 983 1859 (ἐπιμήνια);
1033 1779 1136 1841 ΙΙΙ
1172 1785 1250 1842 68
1299 1775 1604 1838 niceteria
1651 1775 2087 1861 (νικ·ητήρια);
2126 1779 2217 1840 VI
2254 1785 2375 1839 653
2416 1797 2639 1860 papas
2678 1775 3035 1857 (manag-Q

331 1879 422 1942 VI
460 1887 582 1942 540
604 1899 942 1964 popanum
974 1881 1340 1965 (πόπανον)
1353 1906 1367 1960 ;
1399 1883 1505 1945 111
1541 1889 1620 1946 67
1655 1884 2187 1964 trechedipnum
2210 1883 2751 1965 (vosxs'dsmvovss
2790 1882 2882 1945 VI
2914 1890 3035 1942 518

329 1986 851 2066 xerampelinae
897 1988 1436 2070 (ξηραμπέλιναι).

538 2092 934 2154 Iuvenalem
966 2094 1196 2172 igitur,
1232 2095 1563 2171 quoniam
1598 2094 1952 2172 quomodo
1986 2092 2071 2155 de
2106 2092 2393 2155 Graecis
2424 2093 2597 2172 ipsis
2632 2091 3041 2155 iudicaverit

328 2201 396 2256 et
461 2213 600 2273 qua
663 2199 938 2260 ratione
999 2198 1238 2277 lingua
1286 2197 1548 2261 Graeca
1611 2215 1781 2260 usus
1830 2201 1935 2272 sit,
2001 2199 2174 2260 satis
2239 2203 2527 2270 constat,
2590 2217 2731 2259 non
2797 2198 3037 2259 eodem

331 2317 472 2378 quo
523 2300 596 2362 L.
631 2300 842 2364 Plotii
873 2308 1254 2365 sectatores
1302 2303 1464 2366 odio
1507 2303 1849 2382 flagrasse
1896 2315 2203 2383 apparet,
2253 2302 2377 2363 sed
2427 2321 2583 2364 cum
2618 2301 3039 2363 Graecorum

327 2405 840 2470 inimicissimos
884 2425 1038 2471 esse
1084 2407 1344 2472 Latinis
1391 2409 1793 2471 rhetoribus
1827 2408 1946 2488 qui
1980 2415 2331 2483 vocantur,
2391 2407 2755 2488 proprium
2810 2407 3041 2480 fuerit,

330 2509 684 2572 Iuvenalis
733 2512 832 2575 eis
879 2513 1445 2576 adnumerandus
1491 2532 1649 2576 non
1697 2520 1817 2576 est.

541 2615 779 2678 Restat
810 2617 998 2680 aliud
1020 2620 1539 2696 gravissimum,
1574 2618 1764 2697 quod
1796 2619 1981 2680 inter
2004 2617 2396 2680 Iuvenalem
2432 2623 2500 2678 et
2530 2618 2850 2678 rhetores
2882 2614 3043 2677 illos

336 2716 620 2780 Latinos
641 2720 946 2783 interest.
979 2721 1079 2783 De
1103 2723 1428 2784 Gracchis
1460 2722 1645 2784 enim
1678 2723 1875 2784 aliter
1905 2722 2243 2789 iudicant3
2278 2739 2503 2800 neque
2534 2719 2608 2781 id
2640 2739 2779 2781 non
2813 2719 3045 2797 magni

341 2823 674 2884 momenti
705 2841 858 2887 esse
888 2833 1078 2904 pute,
1126 2826 1541 2905 praesertim
1576 2845 1730 2888 cum
1766 2826 1852 2888 de
1887 2825 2217 2887 Gracchis
2262 2827 2375 2900 ita,
2408 2830 2484 2885 ut
2514 2824 2599 2885 de
2645 2840 2722 2885 re
2766 2824 3046 2902 publica

339 2927 654 3005 senserit,
701 2929 880 2990 alius
924 2930 1127 2993 aliter
1173 2930 1608 2993 iudicaverit.
1649 2928 1999 2992 Iuvenalis
2046 2931 2262 3008 igitur
2294 2929 2642 2991 Gracchos
2681 2926 3049 3007 vituperat,

341 3047 495 3092 cum
533 3031 872 3095 exclamat
911 3033 982 3096 in
1030 3040 1154 3096 sat.
1181 3034 1252 3096 II
1293 3039 1412 3096 24:

905 3137 1046 3220 quis
1089 3135 1304 3198 tulerit
1337 3135 1656 3200 Gracchos
1685 3137 1759 3199 de
1803 3135 2108 3199 seditione
2152 3145 2489 3220 querentes.

342 3239 430 3301 At
487 3247 734 3303 auctor
796 3241 884 3303 ad
953 3245 1380 3305 Herennium
1445 3243 1794 3306 Gracchos
1840 3243 2162 3306 laudibus
2238 3237 2571 3320 extollit²)
2632 3241 2724 3303 IV
2790 3245 2888 3315 55,
2952 3245 3050 3314 68,

344 3343 464 3404 ubi
531 3343 793 3406 Tiberii
857 3347 1153 3408 Gracchi
1208 3353 1503 3410 mortem
1550 3365 1840 3410 narrans
1886 3349 2050 3409 haec
2107 3347 2303 3408 dicit:
2354 3341 2536 3405 nulla
2582 3364 2729 3404 rose
2774 3339 3054 3405 delibans

341 3445 600 3508 insitam
667 3448 963 3510 virtutem
1029 3447 1304 3512 concidit
1374 3449 1624 3514 tacitus.
1687 3449 1812 3512 Iste
1877 3447 2196 3530 (Nasica)
2252 3447 2386 3511 ‘viri
2441 3446 2806 3534 fortissimi
2873 3447 3051 3508 mise·

345 3547 558 3612 raudo
601 3553 914 3636 sanquine
967 3575 1274 3638 aspersus
1320 3555 1508 3640 quasi
1543 3555 1811 3638 facinus
1854 3550 2441 3638 praeclarissimum
2472 3553 2773 3638 fecisset.
2796 3601 2809 3616 .
2832 3602 2846 3616 .

560 3747 596 3806 ¹)
636 3747 707 3797 cl.
746 3745 958 3798 Goetzii
1001 3746 1150 3796 Thes.
1186 3749 1342 3808 ylo-ss.
1381 3745 1767 3797 emendaturum
1804 3761 1849 3797 s.
1886 3761 1937 3798 v.

559 3833 600 3892 2)
639 3833 838 3886 Utrum
893 3848 982 3886 res
1017 3842 1199 3898 gestas
1261 3835 1382 3898 ipse
1419 3836 1654 3886 tinxerit
1688 3841 1743 3885 et
1781 3835 2219 3884 commutaverit
2263 3861 2327 3869 —
2366 3833 2519 3895 quod
2558 3835 2785 3895 putavit
2820 3833 2981 3881 Marx
3020 3833 3055 3883 1.

351 3933 392 3971 s.
417 3934 472 3982 p.
501 3921 601 3970 106
629 3948 691 3956 -
721 3935 790 3971 an
815 3919 1180 3974 Posidonium
1201 3928 1428 3973 secutus
1447 3923 1520 3973 sit
1544 3925 1650 3973 hac
1675 3924 1734 3972 in
1761 3921 2109 3988 narratione,
2136 3927 2195 3970 ut
2220 3919 2497 3971 iudicavit
2522 3920 2823 3970 Eduardus
2851 3919 3058 3981 Meyer,

353 4010 410 4059 in
451 4011 629 4060 dubio
669 4013 948 4078 relinque,
989 4025 1114 4060 cum
1156 4011 1227 4060 ad
1267 4025 1349 4076 ca,
1389 4025 1534 4072 quae
1572 4011 1823 4074 exposui,
1863 4025 1974 4060 non
2014 4011 2309 4072 pertineat.
