3567 5109
1447 308 1842 369 ...5-

497 502 736 565 Etiam
779 499 1052 585 flustra
1115 499 1550 577 adverbium,
1615 499 1807 579 quod
1871 516 1953 562 ex
2022 499 2406 563 accusativi
2470 502 2696 565 forma
2762 510 2996 565 ortum

277 608 564 671 videtur
581 604 650 687 ¹),
714 605 1216 688 progrediente
1285 610 1508 669 aetate
1574 622 1701 686 per
1766 606 2180 687 analogiam,
2245 624 2424 686 quae
2490 606 2762 681 dicitur,
2838 628 2994 689 pro-

279 714 572 776 ductum
616 712 691 774 in
739 712 1184 789 carminibus,
1254 710 1337 774 de
1385 710 1641 790 quibus
1689 716 1795 773 est
1842 728 2091 789 serm0,
2154 729 2535 791 numquam
2582 731 2719 777 non
2774 712 2995 777 efficit

281 816 697 898 spondeum.

489 924 666 986 Tum
713 920 1087 985 Paulinum
1137 940 1281 984 non
1331 938 1450 984 eos
1499 924 1817 983 secutum
1864 938 2034 998 esse,
2099 920 2218 1000 qui
2265 922 2750 999 numeralium,
2814 942 2995 1003 quae

278 1030 352 1090 in
403 1028 484 1103 ,a’
533 1028 886 1105 desinunt,
951 1028 1390 1091 imminutam
1437 1027 1749 1089 ultimam
1820 1026 1953 1089 sibi
2022 1027 2481 1106 indulserunt,
2551 1030 2882 1093 docemur
2926 1050 2970 1091 v

281 1132 521 1207 XXVI,
578 1139 721 1210 189,
769 1132 887 1196 ubi
934 1130 1252 1214 octoqinta
1301 1130 1768 1211 dispondeum
1818 1131 2071 1212 explet.

491 1236 964 1309 Quantitatem
1004 1238 1304 1317 denique
1337 1236 1793 1316 syllabarum,
1840 1253 2015 1315 quae
2046 1236 2118 1298 in
2150 1236 2228 1316 ,r’
2271 1244 2389 1300 aut
2420 1238 2495 1313 ,s’
2532 1246 2991 1302 consonantes

280 1343 634 1415 desinunt,
681 1360 932 1421 magna
981 1360 1148 1406 cura
1195 1342 1400 1404 etiam
1447 1342 1519 1403 in
1567 1341 1807 1403 verbis
1854 1343 2259 1421 compositis
2298 1343 2641 1422 integram
2675 1345 2991 1407 videmus

277 1454 656 1511 servatam.
747 1447 981 1520 Quare
1050 1446 1514 1526 compositum
1559 1444 1793 1526 impar,
1860 1446 2047 1525 quod
2098 1464 2137 1508 a
2182 1447 2411 1526 poetis
2470 1447 2676 1510 huius
2743 1450 2991 1513 aetatis

277 1570 488 1633 saepe
553 1552 938 1632 corripitur
1013 1551 1127 1631 (cf.
1203 1552 1518 1613 Muelleri
1581 1551 1623 1613 l.
1689 1550 1733 1615 1.
1796 1570 1859 1631 p.
1928 1552 2099 1629 421),
2183 1556 2260 1613 ut
2326 1552 2621 1615 verbum
2690 1555 2989 1635 simplex

269 1676 412 1741 par
459 1657 729 1737 (XVIII,
777 1663 922 1733 225,
971 1657 1122 1736 381)
1166 1656 1377 1736 longa
1409 1660 1634 1719 exstat
1665 1658 1909 1719 ultima
1941 1656 2208 1736 syllaba
2239 1655 2412 1735 XIV,
2448 1660 2523 1716 21
2562 1656 2807 1740 (impar
2837 1658 2988 1743 his).

492 1758 758 1825 Contra
807 1763 1215 1843 composita,
1281 1780 1460 1841 quae
1509 1761 1944 1824 descendunt
1990 1779 2026 1824 a
2074 1762 2293 1824 verbo
2339 1758 2565 1842 ,pedis’
2620 1798 2701 1808 —
2768 1782 2988 1844 eaque

275 1880 358 1926 re
406 1873 947 1930 commemorata
1013 1866 1150 1929 iam
1213 1867 1534 1931 venimus
1585 1866 1673 1927 ad
1721 1866 1989 1928 vocalis
2052 1862 2139 1944 ,θ’
2206 1866 2668 1945 quantitatem
2717 1902 2799 1913 —
2846 1888 2986 1932 non

275 1977 645 2049 ponuntur
691 1972 826 2035 nisi
872 1975 951 2051 ,e’
1002 1976 1345 2052 correpta.
1393 1970 1602 2051 Legis
1643 1970 1861 2033 enim:
1912 1966 2281 2052 quadi-up&
2329 1971 2495 2051 (XX,
2546 1974 2760 2051 387²),
2794 1971 2988 2057 ἐν’ἰρὲε

275 2074 558 2152 (ΧΧΠΙ,
611 2076 780 2155 140),
818 2074 1055 2159 perp&
1100 2076 1306 2155 (XXI,
1357 2082 1512 2152 3093
1563 2074 1873 2152 XXXIII,
1928 2076 2094 2153 132).

488 2180 878 2243 Verborum
957 2187 1186 2244 autem
1273 2180 1705 2242 Graecorum
1781 2180 2052 2261 syllaba
2132 2183 2514 2243 terminans
2595 2184 2732 2259 ,es’,
2810 2202 2985 2262 quae

273 2300 801 2363 nonnumquam
852 2302 891 2345 a
938 2284 1166 2365 poetis
1212 2283 1726 2364 posterioribus
1775 2284 2154 2363 corripitur
2201 2284 2313 2363 (cf.
2364 2283 2413 2348 I.
2460 2286 2778 2349 Huemer.
2834 2288 2872 2350 l.
2943 2290 2984 2351 1.

274 2406 342 2467 p.
397 2387 523 2464 11),
590 2376 788 2450 suam
836 2388 1094 2469 ubique
1138 2389 1395 2451 retinet
1441 2387 1906 2468 quantitatem
1970 2388 2352 2468 propriam.
2450 2389 2604 2451 Huc
2680 2393 2985 2471 pertinet

275 2510 528 2554 nomen
577 2495 941 2575 proprium
986 2490 1244 2553 Nicetes
1291 2492 1530 2572 (XVII,
1599 2498 1750 2569 1653
1825 2492 2098 2567 XXVII,
2172 2498 2311 2568 164,
2388 2500 2531 2570 182,
2598 2502 2742 2573 231,
2810 2500 2982 2577 248),

276 2596 475 2659 cuius
521 2598 1032 2661 nominativum
1084 2594 1316 2657 Niceta
1361 2616 1576 2677 supra
1623 2597 1999 2659 attulimus,

447 2727 454 2735 ·
485 2702 713 2765 Etiam
761 2721 962 2767 casus
996 2701 1468 2765 nominativus
1502 2720 1752 2764 vocum
1783 2701 2183 2781 pluralium,
2234 2721 2406 2781 quae
2447 2704 2517 2765 111
2550 2700 2669 2781 ,e’s’
2707 2714 2983 2783 exeunt,

269 2806 548 2885 plenam
610 2806 791 2870 hanc
857 2814 1098 2870 servat
1161 2807 1527 2887 syllabam,
1594 2807 1731 2869 nisi
1803 2806 1992 2886 quod
2056 2806 2279 2869 verba
2328 2808 2591 2870 Graeca
2642 2808 2979 2873 Graecam

277 2916 668 2990 sequuntur
713 2910 1271 2975 declinationem.
1338 2911 1568 2984 Quare
1615 2910 1951 2974 Paulinus
2002 2910 2198 2973 dicit:
2248 2906 2582 2973 daemones
2627 2914 2827 2992 (XIX,
2878 2921 2982 2991 71,

273 3022 422 3093 253,
471 3022 618 3093 267,
667 3024 810 3097 310,
860 3024 1006 3093 312,
1056 3024 1212 3095 3193
1281 3016 1529 3093 XXIII,
1579 3023 1652 3077 61
1707 3017 1837 3096 aL),
1902 3014 2205 3099 martyras
2253 3016 2457 3095 (XIX,
2519 3024 2670 3096 1963
2740 3018 2979 3098 XXVI,

275 3124 432 3197 1283
481 3120 755 3200 XXVII,
804 3128 949 3198 217,
999 3123 1174 3201 429),
1221 3119 1499 3205 Ρήνῃῃὲε
1546 3121 1748 3201 (ΧΙΧ,
1800 3128 1899 3201 82,
1948 3124 2074 3200 87).

482 3225 797 3305 Denique
842 3233 1152 3289 veterem
1199 3227 1390 3289 illam
1437 3226 2036 3300 consuetudinem,
2101 3227 2296 3288 cuius
2342 3226 2767 3291 mentionem
2816 3228 2980 3292 facit

271 3328 680 3392 Priscianus
749 3329 860 3408 (cf.
908 3330 1024 3393 Gr.
1070 3330 1218 3393 Lat.
1275 3332 1383 3408 VI,
1451 3336 1528 3389 59
1577 3328 1756 3408 Keil)
1823 3329 1932 3391 his
1990 3330 2257 3392 verbis:
2316 3337 2375 3388 et
2422 3329 2665 3413 {fames’
2735 3332 2977 3416 [famei’

269 3429 556 3495 dicebant
586 3440 835 3507 veteres,
881 3430 1052 3494 unde
1083 3430 1294 3494 adhuc
1339 3432 1548 3519 Jame'
1596 3430 1988 3515 producitur,
2035 3434 2218 3495 hunc
2260 3434 2417 3496 dico
2468 3453 2668 3497 usum
2700 3444 2979 3499 secutus

271 3545 378 3602 est
440 3539 787 3615 PaulinuS,
853 3541 971 3618 qui
1036 3544 1103 3601 et
1165 3538 1599 3602 nominativo
1646 3537 1869 3623 fames
1932 3538 2201 3618 (XXXI,
2268 3545 2383 3599 461
2437 3537 2655 3623 fame-’s
2715 3539 2840 3619 hic)
2911 3549 2978 3605 et

271 3644 582 3709 ablativo
644 3642 837 3726 fame-2
901 3644 1068 3723 (XV,
1135 3651 1258 3705 216
1305 3644 1501 3729 fam&
1569 3640 1844 3725 duroque
1860 3665 1876 3721 ;
1976 3644 2145 3723 App.
2208 3644 2263 3722 Ι,
2343 3648 2421 3704 25
2468 3644 2659 3729 fam?
2721 3645 2979 3723 υἰηει·ι“ε,·

271 3748 448 3830 App.
491 3750 584 3825 II,
635 3755 711 3809 15
741 3749 935 3833 fam&
980 3744 1212 3827 calore)
1261 3750 1472 3813 iambi
1521 3749 1675 3813 1000
1725 3750 1963 3812 utitur.
2648 3762 2653 3767 “

481 3854 683 3917 Η8110
729 3854 790 3917 si
837 3854 1392 3935 spectaverimus
1439 3872 1762 3933 magnam
1811 3854 2199 3916 servandae
2258 3855 2669 3933 quantitatis
2718 3872 2975 3930 curam,

269 3963 460 4023 certe
507 3975 719 4038 quam
764 3960 1068 4022 maxime
1114 3959 1541 4034 mirabimur,
1591 3959 1778 4038 quod
1827 3959 2009 4022 idem
2044 3960 2253 4038 poeta
2302 3959 2373 4020 in
2408 3959 2580 4039 App.
2614 3977 2821 4020 carm.
2856 3960 2975 4023 III.

268 4064 366 4140 (in
412 4080 478 4126 v.
527 4069 607 4124 33
656 4071 724 4127 et
783 4063 931 4142 163)
971 4064 1289 4141 graviter
1320 4064 1714 4143 neglexisse
1745 4063 2025 4129 videtur
2056 4064 2507 4143 quantitatem
2543 4064 2771 4142 posita
2805 4083 2975 4128 voce

267 4164 404 4229 dih
471 4175 793 4249 correpta
855 4169 1096 4232 ultima
1163 4169 1454 4249 syllaba,
1517 4170 1590 4231 id
1657 4168 1843 4247 quod
1906 4169 1979 4231 in
2045 4173 2235 4231 tanto
2302 4186 2632 4231 versuum
2684 4186 2975 4230 numero

267 4290 614 4355 nusquam
657 4274 826 4336 alibi
871 4274 1074 4337 nobis
1118 4274 1512 4353 legentibus
1561 4274 1887 4339 occurrit.
1934 4272 2111 4335 Sane
2156 4273 2286 4335 hoc
2334 4292 2417 4335 eo
2464 4274 2687 4351 magis
2718 4276 2971 4336 mirum

477 4466 518 4527 ¹)
555 4464 812 4529 Skutsch,
871 4462 1226 4529 Forschtmym
1261 4463 1304 4529 Ι,
1353 4468 1410 4528 33
1465 4464 1714 4527 Lindsay
1769 4466 1829 4515 in
1878 4466 2049 4523 libro,
2107 4466 2203 4527 qui
2246 4478 2279 4515 a
2312 4463 2519 4515 Nohlio
2557 4466 2617 4514 in
2656 4480 2969 4517 sermonem

263 4554 662 4606 Germanicum
713 4566 1020 4604 conversus
1073 4553 1410 4605 inscribitur
1461 4552 1582 4613 ,Die
1620 4552 1797 4605 lateas.
1834 4553 2081 4617 Sprache'
2122 4552 2269 4616 Lips.
2322 4554 2473 4613 1897,
2528 4566 2581 4615 p.
2622 4554 2749 4615 641;
2808 4554 2971 4604 Brix-

261 4642 572 4703 Niemeyer,
615 4640 888 4689 Mamm.
925 4654 984 4703 p.
1023 4642 1087 4691 19
1125 4638 1196 4691 al.

473 4730 516 4791 ²)
553 4728 623 4779 01.
682 4728 726 4779 1.
765 4726 1030 4786 Huemer,
1096 4724 1552 4793 Umereuchnmqen
1587 4726 1711 4777 aber
1744 4726 1847 4777 den
1883 4726 2192 4777 iambieehen
2228 4726 2459 4777 Dimeter
2496 4726 2571 4774 bei
2622 4728 2721 4775 den
2757 4724 2970 4777 chr-azoel.-

267 4814 356 4867 lat.
399 4812 666 4882 Dicam-n,
703 4816 900 4879 Progr.
937 4814 992 4866 d.
1032 4814 1234 4877 Gymn.
1273 4815 1350 4865 im
1393 4814 1487 4865 IX.
1527 4816 1986 4865 Gemeinde-Bez.
2026 4815 2085 4863 in
2126 4815 2284 4865 Wien
2324 4815 2477 4879 1876,
2516 4828 2571 4876 p.
2612 4818 2691 4863 11.
