3567 5109
1385 320 1468 330 —
1567 286 1690 348 125
1786 321 1867 330 --

231 491 516 558 Tamen
581 494 892 576 quoniam
955 495 1278 560 rationem
1345 495 1562 560 hiatus
1628 494 2022 562 admittendi
2086 495 2419 562 vitandive
2482 515 2605 561 nec
2668 495 2981 562 Mauren-

229 597 536 665 brecher
595 621 718 665 nec
765 599 917 666 Birt
977 601 1074 666 ita
1120 600 1652 681 enucleaverunt,
1720 608 1797 667 ut
1860 603 2073 668 omnis
2139 602 2467 668 dubitatio
2524 610 2827 687 exempta
2875 605 2979 684 sit,

236 713 512 772 certum
571 707 728 791 quid
785 708 866 772 de
921 707 1004 772 iis
1047 708 1339 774 iudicare
1387 730 1524 774 non
1569 709 1801 774 audeo.
1870 709 2176 792 Denique
2223 711 2293 776 in
2339 710 2719 776 hexametro
2768 710 2888 797 (fg.
2919 715 2983 790 3,

238 813 409 899 6-Β)
444 816 584 897 iste,
621 821 702 880 ut
733 837 884 880 eum
919 817 1204 881 dominis
1239 818 1486 901 famuli
1518 818 1866 901 epulentur
1899 818 2139 883 ibidem
2163 817 2236 883 in
2265 818 2399 882 arsi
2426 818 2647 883 hiatus
2676 819 2983 898 occurrit,

235 942 450 1004 quem
488 921 750 987 Ennius
796 923 1044 1006 primus
1093 922 1330 1007 (Varia
1369 925 1453 989 39
1493 921 1610 990 V.2
1651 924 1964 989 Surrenti
2005 925 2247 1008 elopem
2290 925 2401 1008 fac
2442 925 2645 1008 emas)
2693 925 2979 1004 admisit,

234 1027 493 1094 deinde
513 1027 876 1112 -Vergilius
923 1030 1181 1094 circiter
1227 1029 1620 1113 quadragies
1639 1030 1678 1094 ¹.

467 1135 610 1200 Iam
659 1135 916 1202 difficili
963 1137 1088 1202 hac
1135 1137 1410 1202 materia
1447 1136 1676 1202 relicta
1713 1137 1801 1202 ad
1837 1157 2077 1202 novam
2112 1137 2527 1203 tractandam
2565 1138 2980 1204 accedamus.

423 1437 551 1521 III.
606 1437 714 1520 De
770 1437 1277 1540 singulorum
1329 1436 1907 1522 vocabulorum
1960 1460 2117 1522 usu
2173 1437 2255 1521 et
2304 1438 2807 1524 formatione.

462 1650 932 1718 Scaenicorum
980 1652 1344 1735 priscorum
1391 1672 1760 1717 sermonem
1807 1651 2331 1734 contemplantes
2387 1673 2523 1718 non
2568 1652 2709 1718 sine
2761 1651 2971 1718 delec-

235 1759 496 1824 tatione
543 1757 913 1823 ubertatem
947 1764 1028 1823 et
1072 1759 1456 1823 varietatem
1503 1758 1895 1823 elocutionis
1944 1758 2271 1824 miramur.
2320 1757 2455 1826 Vix
2488 1780 2783 1843 unquam
2819 1781 2972 1842 pro·

237 1865 424 1931 fecto
462 1865 690 1950 lingua
735 1866 982 1943 Latina
1025 1871 1162 1930 tam
1209 1864 1532 1945 flexibilis,
1579 1872 1718 1930 tam
1755 1865 1941 1930 ferax
1976 1864 2102 1930 fuit
2138 1887 2335 1949 quam
2372 1865 2505 1930 illis
2541 1865 2967 1950 temporibuS,

239 1972 486 2056 quibus
531 1974 805 2056 imperio
845 1971 1022 2038 orbis
1059 1979 1383 2037 terrarum
1420 1971 1662 2037 sensim
1701 1971 1788 2037 ad
1826 1971 2143 2056 populum
2172 1971 2547 2038 Romanum
2584 1978 2967 2038 transeunte

238 2085 312 2143 et
377 2079 679 2144 omnibus
743 2077 940 2144 rebus
1003 2077 1289 2163 publicis
1355 2079 1756 2162 privatisque
1812 2077 2185 2162 vigentibus
2242 2077 2435 2168 copia
2481 2077 2824 2144 verborum
2869 2079 2965 2144 lo·

239 2186 600 2269 quentibus
647 2192 716 2251 et
760 2185 1196 2251 scribentibus
1234 2185 1366 2250 iam
1413 2206 1547 2250 non
1595 2184 2019 2268 suppeditare
2065 2183 2426 2250 videbatur.
2509 2184 2687 2269 Quid
2734 2185 2965 2250 mirum

240 2298 474 2375 poetas
537 2292 715 2358 illius
781 2293 1020 2357 aetatis
1085 2292 1350 2358 eosdem
1407 2299 1474 2357 et
1527 2291 1991 2375 grammaticos
2046 2313 2219 2356 nova
2266 2290 2589 2356 vocabula
2633 2291 2963 2356 interdum

237 2399 560 2464 audacius
624 2399 910 2478 finxisse,
984 2405 1204 2464 vetera
1280 2398 1626 2482 multiplici
1699 2398 2161 2464 terminatione
2228 2399 2667 2478 exornavisse,
2741 2399 2965 2465 omnia

237 2505 524 2590 denique
570 2506 1014 2589 temptavisse,
1062 2511 1138 2570 ut
1181 2504 1408 2569 rudem
1456 2511 1523 2569 et
1562 2504 1977 2569 inconditum
2024 2525 2391 2570 sermonem
2438 2506 2526 2571 ad
2557 2503 2965 2571 Graecorum

237 2612 636 2696 elegantiam
682 2612 1203 2696 facilitatemque
1251 2610 1870 2677 accommodarent?
1925 2611 2143 2682 Valde
2190 2618 2413 2678 autem
2460 2611 2817 2678 dolendum
2862 2620 2964 2678 est

239 2739 542 2784 sermone
585 2719 863 2800 urbano,
931 2719 1116 2784 cuius
1164 2717 1597 2784 fundamenta
1650 2725 1793 2783 tum
1846 2719 2025 2784 iacta
2070 2726 2245 2799 sunt,
2310 2718 2511 2803 paulo
2559 2725 2713 2801 post
2756 2717 2962 2783 facul-

239 2831 444 2890 tatem
487 2825 686 2891 verba
730 2826 1018 2892 novandi
1066 2817 1430 2891 coartatam
1478 2847 1556 2891 ac
1602 2847 1810 2909 prope
1858 2825 2179 2890 succisam
2217 2847 2381 2891 esse.
2431 2825 2636 2894 Cuius
2674 2827 2769 2891 rei
2806 2847 2959 2894 auc-

238 2937 414 2996 tores
461 2933 850 2998 exstiterunt
897 2934 1012 2998 viri
1059 2931 1334 3012 nobileS,
1383 2934 1496 3016 qui
1544 2935 1899 3017 puritatem
1938 2933 2258 2998 sermonis
2297 2933 2531 2998 sectati
2557 2933 2957 3000 locutionem

242 3039 574 3105 hominum
641 3040 720 3105 de
786 3038 976 3123 plebe
1033 3040 1375 3124 aspernati
1429 3046 1602 3106 sunt.
1687 3041 1940 3105 Eorum
1995 3039 2363 3123 exemplum
2410 3045 2730 3123 quantum
2777 3039 2957 3122 apud

240 3153 468 3229 poetas
531 3147 828 3226 ‚valuerit‚
903 3148 1394 3230 comparatione
1467 3169 1508 3212 a
1574 3145 1958 3212 Godofredo
2005 3144 2454 3229 Engelbrecht
2522 3146 2593 3210 in
2664 3144 2955 3226 „Studiis

239 3253 690 3318 Terentianis“
743 3253 1061 3338 (Vindob.
1099 3254 1296 3337 1883)
1341 3254 1648 3318 instituta
1690 3252 1861 3318 bene
1905 3252 2289 3318 illustratur.
2334 3251 2503 3317 Inde
2540 3253 2741 3336 igitur
2766 3272 2952 3336 repe-

235 3360 502 3426 tendum
549 3367 668 3440 est,
734 3359 913 3443 quod
957 3359 1185 3443 lingua
1230 3360 1494 3440 Latina,
1563 3381 1752 3445 quae,
1822 3359 1945 3424 etsi
1995 3356 2293 3425 Graecae
2338 3379 2763 3444 nequaquam
2808 3380 2951 3442 par,

237 3472 452 3531 tamen
497 3489 634 3532 non
679 3466 895 3550 rigida
941 3467 1044 3532 vel
1090 3467 1177 3532 ad
1225 3467 1734 3551 compositiones
1780 3488 2015 3550 parum
2052 3466 2293 3532 idonea
2330 3472 2490 3544 erat,
2540 3487 2659 3549 per
2690 3471 2951 3532 tantum
3004 3453 3009 3458 ’

239 3574 538 3656 spatium,
585 3574 656 3640 in
703 3573 1078 3638 universum
1124 3574 1180 3637 si
1225 3578 1618 3657 spectamuS,
1667 3573 1901 3638 eodem
1946 3573 2086 3640 fere
2133 3573 2278 3638 loco
2326 3574 2587 3638 mansit.

443 3679 580 3746 sed
628 3680 714 3745 ad
759 3680 1117 3745 Pacuvium
1162 3687 1230 3745 et
1273 3679 1574 3760 Accium,
1621 3686 1699 3744 ut
1742 3680 2109 3760 redeamus,
2158 3681 2293 3745 iam

445 3787 508 3853 l.
554 3787 642 3854 de
679 3787 1150 3854 substantivis
1196 3793 1462 3852 acturus
1517 3807 1683 3866 sum,
1749 3786 1989 3870 quibus
2045 3786 2114 3851 hi
2160 3785 2360 3870 paulo
2405 3786 2798 3851 insolentius
2844 3787 2947 3850 usi

238 3900 402 3958 sunt.
475 3893 704 3976 Atque
747 3894 1062 3977 incipiam
1108 3914 1497 3976 proponere,
1549 3914 1716 3978 quae
1765 3892 1849 3959 ab
1895 3895 1977 3958 iis
2014 3895 2321 3979 primis,
2386 3899 2707 3976 quantum
2752 3892 2945 3956 nobis

236 4000 538 4066 traditum
585 4007 703 4080 est,
751 4000 851 4064 vel
897 4001 1297 4084 sinyulari
1337 4002 1730 4065 sententia
1775 4006 2199 4082 usurpantur.
2267 3998 2442 4065 Sunt
2486 4005 2705 4064 autem
2749 4000 2941 4064 haec:

438 4106 495 4171 P
541 4129 621 4171 ex
664 4108 794 4172 inc.
831 4106 960 4171 fab.
998 4106 1094 4191 fg.
1133 4106 1346 4171 LXII
1379 4108 1615 4192 appla-r
1651 4106 1752 4170 vel
1790 4107 2031 4171 rectius
2068 4108 2331 4191 apellare
2378 4104 2492 4190 (cf.
2534 4105 2943 4170 Thesaurum

239 4319 393 4372 dandi
431 4317 615 4372 studio
653 4321 974 4374 criticorum
1013 4320 1342 4388 vindicavit,
1379 4319 1426 4373 P
1446 4321 1551 4374 315
1589 4337 1669 4388 sq.
1709 4318 1971 4388 adiungn.
2021 4318 2130 4388 Qui
2168 4318 2278 4372 duo
2317 4319 2517 4372 senarii
2558 4334 2590 4370 a
2627 4317 2941 4374 Ribbeckio

237 4425 328 4476 per
360 4407 736 4462 coniecturam
774 4409 1067 4461 constituti
1106 4425 1166 4462 re
1202 4425 1338 4462 vera
1371 4425 1441 4462 ex
1478 4409 1730 4462 membro
1757 4426 1949 4462 versus
1978 4412 2036 4461 et
2064 4408 2351 4462 octonario
2390 4406 2632 4460 iambico
2662 4411 2941 4461 constant.

241 4495 687 4550 Distribuendum
724 4498 898 4566 igitur
934 4502 1044 4551 est:
2159 4551 2174 4564 ,

1725 4556 2021 4622 postquam
2056 4549 2297 4617 defessus
2332 4551 2487 4618 <cst>

557 4637 954 4708 Perrciyv'tando
990 4640 1226 4693 adventis
1262 4641 1326 4692 de
1356 4639 1548 4708 qna-tis
1583 4639 1752 4708 mique
1790 4656 2117 4708 quemquam
2153 4639 2363 4691 invenit
2397 4637 2595 4693 scium.

435 4780 456 4815 ¹
492 4779 579 4835 Cf.
617 4781 752 4835 Luc.
794 4781 1051 4851 Mueller,
1091 4782 1172 4836 De
1214 4801 1289 4836 sc.
1325 4781 1520 4836 metr.²
1556 4799 1609 4850 p.
1639 4783 1770 4849 3753
1811 4781 2282 4835 Maurenbrecher
2320 4781 2355 4832 l.
2395 4781 2432 4833 1.
2468 4797 2521 4849 p.
2552 4780 2674 4834 220.
