3567 5109
1577 296 2047 357 —172—

669 488 866 550 Unde
913 496 1268 554 auctorem
1329 493 1418 554 ad
1463 493 1893 556 Herennium
1941 511 2097 556 cum
2154 511 2286 573 pro
2336 493 2573 556 verbis
2621 493 2909 558 Graecis
2957 496 3173 558 veluti

464 612 592 672 pro
642 593 1005 677 chlamyde
1049 615 1292 678 sagum,
1358 616 1488 678 pro
1537 598 1906 661 machaera
1946 595 2217 680 (stadius,
2262 599 2511 662 Latina
2554 601 2922 680 posuisset,
2970 601 3175 664 Grae-

460 715 606 762 cam
654 700 960 780 linguam
1009 701 1276 780 fugisse
1321 702 1647 765 efficitur.

667 805 794 870 His
858 807 1194 886 expositis
1259 808 1792 874 ad.1uvenalem
1861 826 1990 870 nos
2038 815 2421 886 vertamus;
2470 810 2589 888 qui
2634 810 2931 872 multum
2981 809 3177 874 abest

463 913 546 974 ab
595 912 728 975 hac
772 912 1047 976 ratione
1093 913 1378 993 linguae
1409 913 1714 976 Graecae
1762 914 2109 977 vitandae.
2174 914 2349 977 Nam
2396 915 2457 976 si
2504 915 2800 978 eandem
2832 915 3174 980 tractandi

466 1020 652 1080 viam
717 1019 943 1080 secuti
999 1018 1258 1082 Graeca
1323 1018 1540 1082 verba
1603 1019 1790 1100 apud
1876 1019 2160 1083 Latinos
2236 1020 2644 1100 pervulgata
2721 1020 3174 1099 excludimus,

465 1122 684 1186 multo
761 1125 1096 1186 maiorem
1172 1141 1420 1186 vocum
1495 1124 1645 1186 eius
1722 1125 1999 1202 generis
2064 1141 2435 1188 numerum
2514 1125 2696 1205 apud
2774 1125 3173 1188 Iuvenalem

468 1228 762 1307 legimus
828 1234 1036 1308 atque
1099 1229 1293 1308 ade0,
1361 1235 1436 1291 ut
1499 1248 1655 1292 eum
1705 1231 2039 1292 Graecam
2102 1229 2413 1307 linguam
2491 1249 2632 1292 non
2708 1231 2967 1294 vitasse
3042 1237 3175 1292 sta·

467 1338 728 1395 tuatur.
774 1334 909 1397 Sed
951 1333 1116 1396 haec
1182 1336 1421 1411 verba,
1491 1353 1665 1414 quae
1713 1335 1877 1414 quia
1940 1335 2009 1398 in
2065 1334 2388 1398 Latinum
2436 1353 2832 1398 sermonem
2896 1341 3175 1416 recepta

469 1444 688 1514 erant,
721 1458 862 1502 non
896 1440 1132 1518 magni
1155 1446 1318 1503 sunt
1340 1443 1691 1516 momenti,
1713 1446 2241 1504 removeantur:
2274 1437 2534 1516 abacus,
2565 1436 2801 1517 abolla,
2830 1437 3179 1506 aconitum,

467 1541 757 1620 ada-mas,
787 1540 1076 1627 adytum,
1108 1544 1419 1627 maioma,
1452 1565 1587 1623 aer,
1616 1541 1860 1627 aliptes,
1881 1542 2041 1622 aloe,
2060 1541 2499 1626 amethystina,
2532 1565 2868 1622 amomum,
2900 1553 3181 1621 antrum,

467 1644 769 1730 aplustre,
817 1645 1076 1730 aryilla,
1107 1655 1395 1733 artopta‚
1441 1671 1819 1734 aspar-aytis,
1867 1647 2234 1734 astroloyus‚
2281 1655 2556 1739 astrum,
2602 1646 2869 1732 asylum,
2917 1646 3177 1726 athleta,

471 1749 651 1828 aula,
727 1749 980 1832 aulaea,
1056 1775 1239 1829 aura,
1315 1751 1630 1834 bacchari,
1705 1753 1957 1830 balena,
2028 1751 2394 1832 balneolum,
2470 1751 2806 1833 barbarus,
2882 1749 3179 1831 berullus,

471 1854 738 1933 blaesus,
789 1855 1036 1936 boletus,
1089 1856 1508 1942 bombycinus,
1551 1856 1787 1937 bulbus,
1832 1858 2214 1928 bracchium,
2259 1856 2483 1934 buxeus,
2530 1855 2831 1936 calamus,
2878 1855 3181 1933 calathus,

477 1963 784 2039 caminus,
817 1983 1198 2042 cammarus,
1233 1966 1542 2044 canistra,
1579 1987 1808 2040 canna,
1832 1962 2200 2042 cantharus,
2224 1962 2579 2041 cardiacus,
2605 1971 2829 2041 castor,
2864 1959 3181 2039 cathedra,

474 2087 640 2144 cera,
672 2065 882 2146 cerdo,
917 2067 1162 2143 charta,
1195 2066 1706 2153 chio·09raphum,
1740 2067 2044 2153 chlamys,
2077 2067 2340 2146 chorda,
2375 2067 2627 2144 chorus,
2658 2065 2983 2144 cinaedus,
3006 2067 3183 2144 cista,

479 2169 751 2246 cithara,
827 2171 1249 2251 citharoedus,
1323 2175 1604 2250 coccina,
1667 2172 1988 2257 colaphus,
2066 2172 2417 2257 collyrium,
2496 2171 2790 2251 colossus,
2871 2169 3181 2256 colyphia,

478 2297 670 2355 coma,
718 2274 1056 2356 comoed-ia,
1105 2277 1432 2340 comoedus
1479 2277 1697 2364 (adim)
1745 2280 1998 2358 ema-ha,
2047 2276 2315 2358 conchis,
2366 2275 2784 2361 conchylium,
2827 2297 3185 2360 conopeum,

479 2391 712 2459 contus,
759 2381 1069 2465 cophinus
1117 2383 1467 2468 corymbus,
1533 2384 1899 2464 cothurnus,
1962 2393 2233 2460 cottona,
2290 2381 2559 2460 crambe,
2622 2388 2851 2460 crater,
2910 2379 3185 2463 crepido,

477 2483 846 2564 crocodilus,
892 2506 1164 2566 croceus,
1232 2511 1466 2568 crocus,
1531 2500 1776 2574 crypta,
1836 2486 2232 2574 crystallina,
2302 2484 2545 2566 cumba,
2612 2485 2894 2570 cyathus,
2960 2483 3185 2566 cyclos,

483 2611 726 2673 cycnus,
773 2587 1118 2673 cylindrus,
1165 2592 1523 2677 cymbalum,
1574 2596 1845 2677 cynicus,
1902 2591 2215 2671 diade-ma,
2262 2589 2506 2676 doyma,
2552 2590 2834 2669 echi-nus,
2879 2587 3189 2667 electrum,

479 2693 707 2780 eleyus,
771 2693 1160 2781 elephantus,
1223 2699 1508 2782 ephebus,
1575 2697 1873 2784 epistula,
1938 2695 2351 2784 eryastulum,
2399 2697 2743 2779 eunuchus,
2798 2715 3008 2773 eurus,
3052 2715 3187 2754 emo-

483 2797 680 2878 dium,
722 2803 984 2883 yenesis,
1019 2802 1261 2887 yobius,
1310 2805 1781 2887 grammaticus,
1826 2804 2244 2889 yynmasium,
2300 2823 2581 2886 yypsum,
2643 2800 2931 2877 historia,
2995 2799 3182 2861 histo-

481 2905 679 2982 ricus,
734 2903 906 2984 hora,
951 2903 1217 2990 hydrus,
1262 2907 1484 2992 iaspis,
1531 2907 1669 2987 ibis,
1734 2908 2044 2987 ictericus,
2112 2907 2415 2984 incerare,
2464 2903 2712 2990 layona,
2764 2903 3027 2987 lampas,
3078 2901 3187 2982 leo,

482 3006 831 3091 macellum,
877 3033 1122 3088 masna,
1185 3035 1424 3097 mayus,
1471 3014 1777 3100 mayicas,
1840 3033 2125 3076 marmor
2171 3011 2365 3094 (eus),
2411 3032 2637 3088 massa,
2684 3009 3187 3090 mathematicus,

485 3121 764 3196 metreta,
809 3117 1024 3195 mitra,
1081 3119 1325 3197 inimus,
1390 3119 1693 3197 moechus,
1737 3115 1990 3194 mullus,
2048 3136 2389 3192 muraena,
2447 3113 2799 3198 myrrhina,
2864 3133 3187 3193 nauseare,

485 3229 717 3300 nectar,
793 3220 1129 3300 obsonium,
1217 3244 1510 3301 oceanus,
1588 3221 2031 3307 oenophorum,
2122 3227 2378 3297 oestrus,
2470 3215 2690 3296 oleum,
2779 3215 2967 3296 oliva,
3044 3237 3189 3301 opo-

485 3323 857 3402 balsamum,
902 3326 1239 3404 orchestra,
1303 3349 1555 3411 oryana,
1603 3347 1929 3410 oryanum,
1984 3333 2206 3402 ostrea,
2242 3320 2496 3408 paelex,
2532 3319 2841 3407 paenula,
2886 3341 3191 3406 papyrus,

477 3431 837 3515 parasitus,
880 3429 1144 3514 pardus,
1186 3433 1508 3516 pathicus,
1555 3454 1794 3518 peyma,
1834 3429 2126 3516 pehzyus,
2162 3427 2468 3514 pelamys,
2508 3425 2995 3512 petasunculus,
3028 3427 3192 3514 pha-

491 3534 669 3616 lanat,
707 3533 1030 3619 phalerae,
1073 3536 1389 3620 phaselus,
1427 3537 1680 3620 phiala,
1723 3537 1930 3620 piper,
1966 3535 2215 3620 pirata,
2252 3531 2575 3616 platanus,
2618 3531 2951 3615 plectrum,
2994 3529 3190 3616 poda-

485 3661 623 3724 9ra,
681 3638 971 3724 podium,
1018 3664 1263 3725 poema,
1302 3651 1514 3726 poeta,
1551 3663 1816 3728 pompa,
1851 3639 2309 3726 praymaticus,
2358 3636 2773 3724 prooemium,
2812 3625 3217 3720 propina-re,

488 3767 708 3828 prora,
747 3743 1053 3831 psaltria,
1081 3771 1399 3832 purpura,
1443 3769 1830 3832 purpureus,
1871 3729 2086 3830 pya'fis,
2132 3745 2360 3824 rhetor,
2406 3741 2773 3820 rhetoricus,
2821 3741 3196 3822 rhinoceros,

491 3849 799 3931 rhombus,
846 3851 1153 3936 sacculus,
1183 3875 1424 3930 saccus,
1454 3873 1681 3932 sanna,
1711 3851 2149 3935 sacrophorus,
2182 3844 2524 3931 sardonyx,
2557 3866 2809 3924 scaena,
2840 3845 3196 3930 scaphium,

492 3966 826 4042 sceptrum,
873 3957 1187 4041 scopulus,
1234 3956 1491 4037 silurus,
1538 3957 1879 4042 siparium,
1910 3955 2107 4037 sipho,
2138 3954 2419 4027 sistrum,
2451 3947 2861 4022 soloecismus,
2896 3948 3195 4033 sophista,

493 4062 713 4146 spade,
758 4063 1085 4148 spelunca,
1133 4065 1329 4148 spira,
1361 4060 1614 4148 squilla,
1654 4069 1938 4138 stemma,
1969 4059 2212 4141 stiynza,
2252 4055 2509 4134 stoicus,
2540 4054 2916 4136 stomachus,
2946 4064 3197 4138 stuppa,

495 4189 739 4252 syrma,
779 4167 1101 4243 talentum,
1161 4169 1494 4245 theatrum,
1549 4167 1843 4245 thermae,
1901 4163 2148 4235 thorax,
2200 4163 2468 4246 thyrsus,
2518 4160 2714 4238 tiara,
2758 4157 2956 4244 tiyris,
3002 4167 3196 4222 toma-

500 4270 660 4352 cula,
693 4275 990 4358 trayicus,
1022 4271 1368 4357 trayoedia‚
1401 4273 1697 4347 triremis,
1729 4269 2107 4354 trimnphus,
2140 4277 2486 4350 tropaeum,
2521 4264 2780 4344 trutina,
2812 4270 3196 4348 tympanum,

497 4381 805 4462 tyrannis,
849 4389 1182 4462 tyranuus,
1222 4401 1398 4442 zona.

706 4487 1019 4558 Quorum
1053 4487 1448 4563 verborum,
1497 4503 1919 4566 quamquam
1954 4485 2053 4546 eis
2084 4483 2428 4543 minorem
2460 4477 2603 4540 vim
2650 4474 3005 4556 probandi
3047 4491 3201 4536 esse

501 4610 714 4671 supra
806 4590 1067 4654 dictum
1143 4601 1265 4669 est,
1341 4601 1570 4656 tamen
1661 4591 1925 4654 maiore
2002 4606 2317 4662 numer0,
2394 4587 2452 4646 si
2542 4599 2802 4664 paucas
2891 4578 3199 4646 eiusdem

502 4699 778 4774 generis
841 4715 1049 4760 voces
1115 4697 1198 4760 ab
1259 4705 1542 4761 auctore
1611 4697 1699 4758 ad
1761 4694 2187 4758 Herennium
2255 4689 2605 4754 adhibitas
2666 4705 2818 4748 esse
2890 4683 3200 4764 respiciS‚

504 4802 670 4865 satis
704 4805 892 4866 clare
925 4804 1316 4865 ostenditur
1348 4802 1752 4865 Iuvenalem
1790 4819 1931 4864 non
1966 4799 2199 4862 eodem
2242 4796 2447 4858 modo
2484 4800 2694 4872 atque
2726 4790 2882 4854 illos
2917 4788 3200 4850 Latinos
