3567 5109
1555 1376 1616 1452 I.
1675 1373 2297 1455 Testimoniu-

783 1592 835 1646 1.
885 1584 1164 1657 Quintil.
1211 1584 1436 1646 Instit.
1469 1589 1640 1647 orat.
1685 1582 1789 1645 III
1844 1592 1896 1649 1,
1956 1588 2069 1644 21:
2122 1578 2399 1665 Scripsit
2443 1579 2522 1644 cle
2568 1579 2781 1643 eadem
2825 1583 3099 1643 materia
3148 1605 3267 1646 non

565 1709 781 1772 pauca
834 1685 1239 1767 Cornificius,
1303 1684 1527 1769 aliqua
1573 1682 1939 1763 Stertinius,
2006 1706 2127 1747 non
2194 1683 2359 1747 nihil
2406 1695 2605 1770 pater
2652 1684 2892 1765 Gallio,
2938 1708 3271 1750 accura-

567 1793 727 1853 tius
787 1812 964 1853 vero
1021 1790 1277 1874 wimar
1337 1786 1702 1874 [Gallione]
1721 1792 1768 1867 ¹)
1833 1786 2104 1850 Celsus
2177 1798 2234 1850 et
2278 1787 2539 1851 Laenas
2602 1799 2659 1851 et
2718 1792 2947 1852 aetatis
3011 1804 3269 1857 nostrae
3360 1802 3367 1809 ’

582 1895 941 1983 Γενρίηίιιε,
989 1893 1263 1957 Plinius.
1319 1892 1617 1959 Tutilius.

777 2012 832 2064 2.
880 2003 1183 2065 Iuvenal.
1249 2000 1386 2062 Sat.
1436 2001 1526 2061 VI
1575 2006 1699 2062 242
1749 2018 1873 2081 ss,;

987 2102 1188 2166 Nulla
1215 2105 1366 2187 fere
1415 2126 1612 2166 causa
1657 2112 1766 2177 est,
1814 2104 1884 2165 in
1930 2126 2057 2187 qua
2105 2124 2229 2166 non
2258 2105 2517 2189 femina.
2568 2102 2735 2167 litem

979 2211 1255 2273 moverit.
1319 2208 1602 2271 Accusat
1633 2206 1952 2286 Manilia,
1994 2209 2057 2269 si
2082 2231 2193 2271 rea
2237 2230 2363 2271 non
2407 2218 2513 2273 est.

989 2314 1369 2399 Conponunt
1415 2312 1594 2399 ipsae
1631 2334 1756 2398 per
1809 2335 1872 2375 se
1921 2313 2315 2397 formantque
2370 2312 2630 2392 Ζὶὒεῖἰοε,

971 2418 1458 2503 principium
1513 2426 1744 2505 atque
1796 2417 1999 2479 locos
2062 2417 2277 2481 Celso
2324 2416 2621 2481 dictare
2658 2428 3018 2503 paratae.

776 2536 829 2588 3.
879 2526 1099 2589 Schol.
1155 2525 1461 2587 Iuvenal.
1529 2526 1665 2587 Sat.
1732 2525 1823 2586 VI
1888 2529 2044 2586 245:
2119 2520 2293 2585 Cel-so
2360 2523 2606 2585 dictare
2658 2527 2961 2607 paratae]
3031 2530 3273 2589 mator-i

576 2629 754 2692 illius
799 2631 1112 2711 temporis,
1161 2629 1274 2711 qui
1315 2637 1546 2711 septem
1595 2625 1784 2689 libros
1828 2626 2301 2690 Institutionum
2348 2630 2619 2712 scriptos
2662 2626 2935 2712 reliquit.

776 2736 948 2807 Quia
1014 2742 1083 2797 et
1152 2734 1506 2798 Iuvenalis
1572 2752 1819 2797 versus
1874 2741 1943 2797 et
2004 2736 2413 2815 interpretis
2477 2736 2693 2799 verba
2756 2738 3043 2799 maximi
3108 2750 3270 2803 sunt

564 2843 916 2916 momenti,
966 2841 1054 2903 de
1097 2842 1184 2903 iis
1232 2842 1627 2902 accuratius
1675 2858 1956 2919 agamus
2004 2846 2299 2919 oportet.

771 2948 996 3023 Atque
1075 2944 1425 3005 Iuvenalis
1513 2947 1682 3007 haec
1796 2945 2029 3007 dicere
2111 2947 2284 3006 vult:
2367 2945 2539 3006 Illae
2621 2945 2947 3008 mulieres
3030 2965 3266 3009 rerum

565 3051 952 3113 forensium
1032 3055 1174 3110 tam
1260 3051 1524 3127 peritae
1607 3054 1788 3121 sunt,
1876 3056 1953 3111 ut
2036 3051 2351 3129 patronis
2435 3067 2570 3112 non
2657 3049 3043 3129 indigeant,
3142 3053 3267 3115 sed

562 3154 752 3234 ipsae
828 3154 962 3215 sibi
1040 3153 1316 3215 libellos
1394 3170 1813 3233 componere
1898 3160 1969 3215 et
2044 3154 2350 3215 formare
2425 3155 2717 3233 possint,
2807 3161 3015 3234 atque
3110 3162 3260 3218 arte

563 3260 871 3322 oratoria
939 3259 1112 3320 adeo
1191 3263 1354 3320 sunt
1429 3256 1806 3335 institutae,
1882 3264 1958 3320 ut
2006 3257 2300 3334 Celsum,
2360 3259 2476 3337 qui
2555 3265 2699 3320 tam
2775 3266 3100 3322 accurate
3179 3261 3264 3321 de

563 3363 930 3445 principiis
997 3369 1064 3424 et
1141 3362 1312 3423 locis
1379 3360 1446 3440 (i.
1515 3383 1570 3424 e.
1640 3365 1725 3425 de
1791 3370 1937 3425 arte
2002 3362 2335 3439 oratoria)
2414 3362 2574 3441 egit,
2652 3364 2905 3426 docere
2970 3370 3264 3444 paratae

565 3473 721 3533 sint.
777 3504 846 3513 -—
910 3468 1147 3547 Neque
1211 3468 1394 3531 enim
1453 3468 1740 3529 dubium
1798 3476 1924 3541 est,
1981 3469 2147 3546 quin
2194 3466 2603 3549 principium
2668 3474 2738 3530 et
2794 3464 2916 3529 loci
2970 3486 3054 3530 ex
3112 3471 3263 3531 rhe-

564 3577 786 3637 torica
847 3582 1122 3653 sumpta
1186 3574 1327 3636 sint
1381 3581 1450 3635 et
1495 3574 1582 3636 ad
1626 3573 2046 3636 rhetoricam
2092 3577 2505 3653 pertineant,
2553 3594 2691 3637 non
2741 3574 2826 3637 ad
2872 3576 2985 3636 ius
3037 3575 3262 3638 civile.

570 3678 876 3755 Accedit,
925 3678 1114 3758 quod
1161 3683 1372 3741 etiam
1419 3678 1634 3741 verba
1683 3697 2043 3759 componere
2092 3686 2159 3741 et
2190 3676 2485 3761 formare
2532 3679 2953 3741 rhetoricam
3001 3680 3267 3743 libello-

561 3804 716 3847 rum
774 3784 1348 3863 compositionem
1404 3784 1718 3847 indicare
1773 3784 2119 3847 videntur.
2178 3784 2249 3846 Si
2298 3802 2467 3847 vero
2516 3787 2645 3846 hoc
2694 3783 2851 3847 loco
2902 3785 2988 3845 de
3034 3786 3264 3847 rheto-

559 3892 702 3952 rica
759 3890 1012 3967 agitur,
1077 3889 1424 3951 Iuvenalis
1473 3890 1557 3951 de
1606 3892 1680 3953 A.
1729 3890 2055 3952 Cornelio
2125 3888 2327 3951 Celso
2376 3891 2650 3951 locutus
2699 3896 2823 3961 est,
2874 3908 3013 3951 non
3063 3890 3151 3953 de
3194 3892 3263 3955 P.

562 3995 887 4056 Iuventio
921 3995 1120 4056 Celso
1155 3995 1329 4056 iuris
1376 3995 1617 4073 perito,
1650 3995 1837 4056 Haec
1870 4002 1975 4055 est
2009 3994 2305 4073 simplex
2338 3993 2859 4072 interpretati03
2910 3994 3265 4071 quaelibet

562 4099 696 4161 alia
754 4106 858 4159 est
924 4106 1242 4161 contorta
1293 4117 1517 4176 neque
1579 4098 2114 4160 difficultatibus
2180 4100 2453 4174 caret2).
2533 4098 2763 4169 Quare
2832 4096 3258 4177 Madvigio³)

771 4309 809 4371 ¹)
849 4308 1050 4357 Vocem
1113 4306 1354 4358 Gallione
1391 4319 1516 4357 cum
1557 4308 1648 4357 Fr.
1687 4307 1902 4356 Rittero
1941 4307 2019 4367 (in
2057 4306 2195 4355 Nov.
2236 4307 2421 4355 annal.
2470 4306 2607 4367 phil.
2644 4304 2953 4369 XXXVIII,
2992 4304 3085 4366 57)
3124 4313 3265 4356 tam-

561 4409 730 4457 quam
770 4395 1294 4459 interpretationem
1331 4397 1512 4445 eicere
1551 4396 1716 4445 malt).

769 4485 807 4546 2>
847 4484 1024 4532 veluti
1063 4484 1121 4533 C.
1163 4482 1386 4533 Kisselii
1427 4484 1484 4532 in
1525 4483 1690 4547 libr0‚
1732 4482 1831 4543 qui
1870 4482 2220 4531 inscribitur:
2259 4478 2456 4529 ‘Aulus
2495 4480 2793 4530 Cornelius
2832 4480 3042 4531 Celsus,
3120 4480 3265 4531 Eine

559 4570 892 4622 historisehe
931 4569 1370 4633 Monographie’‚
1407 4584 1462 4632 p.
1503 4573 1562 4620 51
1605 4584 1673 4618 ss,

767 4661 807 4721 ²²>
845 4660 907 4709 N.
949 4659 1272 4720 Madvigius
1307 4659 1446 4706 haec
1479 4658 1677 4705 scribit
1703 4656 1926 4718 (opusc.
1949 4657 2104 4705 acad.
2132 4670 2186 4717 p.
2215 4658 2334 4720 546,
2364 4656 2492 4704 adn.
2540 4658 2619 4717 2):
2658 4652 2898 4705 ‘Celsum
2938 4662 3263 4717 praetorem

559 4747 819 4807 plerique
857 4748 913 4798 P.
955 4747 1277 4796 Iuventium
1317 4745 1539 4793 Celsum
1579 4744 2045 4793 iurisconsultum
2082 4744 2431 4805 intelligunt,
2490 4756 2657 4803 quem
2696 4742 2882 4791 nescio
2918 4743 3073 4791 unde
3108 4746 3263 4802 (nam

559 4847 663 4893 ego
701 4836 918 4882 nullam
975 4848 1205 4895 prorsus
1245 4833 1634 4880 auctoritatem
1675 4832 1899 4891 reperio
1939 4832 2059 4879 eius
2095 4831 2175 4877 rei
2215 4843 2319 4878 nec
2356 4829 2414 4877 in
2454 4830 2623 4878 Plinii
2664 4830 2819 4889 epiet.
2860 4829 2935 4877 vl
2992 4832 3023 4877 5
3052 4830 3262 4880 ullam
