3567 5109
1652 258 2100 319 -42-

726 468 1053 533 Nolumus
1094 468 1302 534 multa
1339 469 1537 535 verba
1574 468 1814 533 facere.
1871 468 2343 552 Unusquisque
2383 467 2798 533 Alcibiadem
2845 490 2980 533 non
3029 470 3250 551 prima.

513 575 842 640 scribendi
909 582 1126 641 aetate
1192 574 1429 640 litteris
1484 576 1786 640 mandari
1843 577 2133 659 potuisse
2195 614 2278 623 —-
2336 576 2760 640 inveniuntur
2815 575 2990 639 enim
3049 578 3250 659 δῆλον

513 686 623 757 ὡς,
671 685 939 767 ἒῤῥήῦη,
986 686 1091 748 καὶ
1138 691 1297 757 πῶς,
1346 692 1488 755 πῶς
1537 684 1670 767 (δή)
1719 690 1820 747 ter
1869 722 1950 729 —
2001 683 2338 760 concedet,
2398 682 2514 746 sed
2559 683 2795 746 iterum
2845 682 3060 746 media
3107 682 3247 745 fere

516 797 753 868 aetate,
821 792 875 853 si
922 810 1027 853 res
1077 811 1235 854 sane
1283 790 1546 854 levioris
1594 790 1906 854 momenti
1953 788 2380 873 neglegimus,
2449 788 2686 870 quibus
2743 810 3110 853 sermonem
3157 810 3246 852 ne

513 896 620 960 hic
668 896 930 979 quidem
980 904 1132 979 apte
1180 898 1339 979 poni
1388 918 1580 980 posse
1630 897 2134 961 demonstratur.

728 1002 862 1068 Sed
903 1005 1180 1069 maxime
1220 1026 1260 1068 a
1290 1002 1591 1068 Platonis
1630 1003 1956 1067 scribendi
1997 1024 2238 1087 genere
2276 1005 2570 1067 imitator
2605 1001 2717 1067 ille
2757 1000 2996 1081 differt,
3045 1002 3101 1064 si
3139 1022 3246 1078 ea,

516 1132 684 1193 quae
732 1110 776 1175 J
786 1132 1035 1175 oannes
1103 1111 1183 1175 de
1231 1110 1471 1175 Arnim
1537 1111 1617 1174 de
1665 1111 1974 1176 Platonis
2033 1111 2296 1175 dicendi
2347 1132 2468 1175 usu
2519 1118 2717 1193 atque
2766 1094 3248 1173 consuetudine

515 1217 901 1296 observavit,
972 1238 1433 1300 comparamus
1481 1239 1628 1282 cum
1674 1219 1774 1295 iis,
1850 1239 2020 1301 quae
2069 1220 2138 1282 in
2185 1216 2536 1281 Alcibiade
2585 1217 3024 1281 inveniuntur.
3119 1213 3250 1280 Vir

515 1325 690 1387 enim
752 1321 863 1387 ille
933 1324 1166 1387 doctus
1237 1346 1316 1388 ex
1383 1323 1685 1388 omnibus
1742 1324 2047 1389 Platonis
2113 1322 2396 1407 dialogis
2463 1323 2995 1389 adfirmationum
3060 1322 3250 1385 varia.

515 1451 775 1511 genera,
826 1438 901 1494 ut
948 1431 1503 1513 supradiximuS,
1556 1430 2053 1515 diligentissime
2115 1431 2382 1515 collegit
2439 1436 2506 1495 et
2556 1432 2844 1513 quinque
2893 1428 3246 1513 generibus

516 1537 1038 1619 comprehendit:
1140 1542 1239 1617 „1.
1294 1539 1577 1621 primum
1637 1538 1816 1621 quod
1871 1538 1946 1602 fit
1993 1560 2111 1621 per
2166 1538 2496 1617 adverbia,
2565 1559 2732 1620 quae
2780 1536 3066 1621 augendi
3112 1536 3246 1599 vim

514 1644 763 1707 habent
798 1645 1010 1727 (πάνυ,
1046 1647 1236 1727 μάλα,
1276 1647 1547 1729 σφόδρα,
1586 1648 1993 1719 παντάπασιν,
2032 1649 2148 1719 ναί,
2187 1648 2457 1719 πάντως,
2496 1646 2835 1719 παντελῶς,
2873 1648 3245 1726 ὑπερφυῶς,

514 1752 797 1834 κομιδῇ),
854 1772 1020 1833 quae
1082 1772 1227 1815 cum
1286 1752 1625 1833 particulis
1692 1752 2075 1835 plerumque
2145 1753 2656 1835 coniunguntur3
2726 1752 2794 1815 in
2849 1750 2974 1815 hac
3031 1748 3243 1813 classe

515 1856 707 1940 longe
757 1856 1285 1939 frequentissima
1330 1866 1509 1923 sunt:
1558 1863 1675 1934 ναί,
1714 1862 1880 1925 πάνυ
1923 1885 2006 1942 γε,
2045 1863 2212 1925 πάνυ
2250 1861 2368 1943 μὲν
2405 1860 2552 1937 οὖν,·
2609 1862 2670 1923 2.
2719 1857 3016 1935 alterum,
3062 1855 3246 1937 quod

514 1965 589 2027 fit
652 1985 767 2046 per
834 1966 1267 2043 enuntiatum,
1333 1986 1461 2048 quo
1526 1967 2044 2049 interrogantem
2111 1988 2282 2043 vera,
2345 1967 2481 2030 veri
2540 1965 2797 2043 similia,
2851 1963 3243 2039 necessaria,

514 2070 701 2149 bene,
750 2071 1039 2153 pulchre,
1086 2078 1279 2150 recte,
1335 2071 1575 2137 dixisse
1633 2074 1945 2137 statuitur
2001 2072 2206 2155 (velut
2250 2076 2462 2157 ἀληθῆ
2507 2075 2715 2155 λέγεις,
2763 2074 2987 2154 ὀρθῶς
3030 2071 3241 2151 λέγεις,

513 2181 635 2241 ἔστι
680 2186 887 2253 ταῦτα,
936 2182 1142 2250 οὕτως
1187 2182 1327 2263 ἔχει,
1376 2181 1605 2263 ἀληθῆ,
1663 2183 1928 2264 ἀνάγκη,
1986 2182 2234 2265 ὃῆλον);
2312 2183 2372 2244 3.
2423 2180 2708 2258 tertium,
2764 2178 2942 2261 quod
2995 2176 3070 2239 fit
3124 2197 3242 2258 per

515 2284 823 2349 adverbia
870 2288 1092 2359 οὕτως,
1140 2288 1378 2369 ὀρθῶς,
1427 2289 1657 2362 καλῶς,
1706 2290 2042 2369 ὀρθότατα,
2090 2291 2461 2371 σαφέστατα,
2510 2294 2724 2351 ortum
2761 2308 2843 2349 ex
2879 2284 3086 2349 altero
3123 2303 3242 2364 per

515 2391 807 2473 ellipsin3
858 2414 1010 2456 nam
1042 2394 1282 2475 partim
1310 2397 1469 2458 ἔστιν
1498 2394 1595 2458 vel
1626 2398 1766 2479 ἔχει,
1806 2396 2046 2478 partim
2076 2397 2269 2478 λέγεις
2298 2393 2734 2477 supplendum
2763 2399 2890 2473 est;
2941 2396 3004 2455 4.
3046 2412 3240 2473 quar-

514 2505 672 2576 tum,
730 2498 908 2581 quod
962 2499 1038 2563 fit
1092 2508 1215 2582 per'
1266 2500 1465 2565 verba
1519 2504 1873 2584 φαίνεσθαι,
1925 2504 2141 2567 δοκεῖν
2196 2502 2402 2584 (Velut
2445 2505 2741 2585 φαίνεται,
2790 2504 3002 2583 ἔμοιγε
3049 2499 3239 2567 δοκεῖ,

515 2608 727 2689 ἀληθῆ
779 2632 890 2689 μοι
948 2608 1156 2677 δοκεῖς
1210 2608 1431 2690 λέγειν)
1489 2612 1729 2673 οἴεσθαι
1797 2609 2004 2691 (velut
2059 2612 2231 2693 οἶμαι
2288 2612 2536 2694 ἔγωγε),
2591 2610 2774 2681 εἰκός,
2833 2610 3052 2679 ἔοικεν,
3111 2626 3239 2687 quo

514 2712 711 2776 etiam
760 2712 1069 2777 adverbia
1115 2718 1286 2789 ἴσως,
1342 2717 1478 2798 τάχ’
1530 2718 1625 2789 ἄν,
1674 2719 1902 2800 σχεδόν
1966 2716 2126 2779 mihi
2194 2716 2439 2780 referre
2506 2716 2730 2795 liceat3
2811 2720 2871 2779 5.
2921 2712 3244 2795 quintum,

516 2819 693 2899 quod
740 2818 814 2883 fit
860 2842 978 2902 per
1022 2821 1607 2904 interrogationem
1655 2822 2050 2887 rhetoricam
2097 2822 2302 2907 (velut
2347 2830 2489 2894 πῶς
2536 2826 2594 2886 δ’
2638 2825 2748 2899 οὔ,·
2793 2828 2937 2891 πῶς
2975 2820 3096 2903 γὰρ
3134 2821 3245 2889 οὔ,-

513 2930 571 2989 τί
608 2930 771 3011 μήν;
816 2930 874 2990 τί
907 2929 967 2991 δ’
1010 2930 1121 3005 οὗ,·
1168 2931 1225 2992 τί
1258 2930 1379 3013 γὰρ
1417 2932 1577 3013 οὔ,·).
1626 2929 1814 2995 Haec
1864 2930 1995 2995 fere
2045 2939 2198 2995 sunt
2245 2953 2485 3014 genera
2531 2930 3066 3005 affirmationum,
3109 2947 3244 2990 non

514 3040 651 3097 tam
698 3034 784 3098 ad
834 3056 1126 3099 severam
1172 3036 1455 3119 logicam
1502 3038 1602 3101 vel
1649 3040 2146 3120 grammaticam
2183 3040 2503 3103 rationem
2541 3045 2792 3115 exacta,
2840 3057 3036 3119 quam
3076 3055 3245 3116 quac

517 3140 813 3223 dialogos
863 3142 1291 3223 perlustranti
1330 3152 1563 3226 sponte
1604 3166 1673 3209 se
1713 3145 2058 3211 offerunt.“
2112 3146 2534 3229 Inquiramus
2581 3145 2801 3228 igitur,
2849 3142 3009 3226 quid
3056 3139 3247 3203 nobis

518 3254 819 3311 occurrat
865 3248 1035 3313 hanc
1085 3250 1405 3315 rationem
1452 3252 1521 3315 in
1569 3251 1920 3317 Alcibiade
1971 3274 2264 3317 sermone
2314 3252 2798 3317 adhibentibus.
2871 3248 3068 3333 Quod
3115 3268 3246 3330 quo

521 3353 783 3417 facilius
830 3354 965 3433 fiat,
1010 3354 1303 3421 tabulam
1350 3360 1635 3421 numeris
1684 3360 2002 3442 repleta-m
2049 3360 2383 3423 addemus.
