3567 5109
1435 327 1519 338 --
1615 293 1740 356 107
1838 329 1921 338 -

313 503 544 584 tradat,
600 524 725 586 per
780 525 878 567 me
931 505 1208 588 appellet
1257 510 1576 568 oratorem
1636 505 1811 583 lieet,·
1878 505 2013 568 sive
2068 507 2243 569 hane
2288 512 2624 588 oratorem,
2690 529 2881 590 quem
2926 530 3037 592 eqo

308 601 448 672 (lieo
485 609 880 693 sapientiam
916 611 1212 675 iunctam
1248 611 1477 674 habere
1513 612 1927 695 eloquentiae,
1957 612 2421 697 philosophum
2459 616 2783 698 appellare
2824 617 3031 696 malet,

311 736 444 779 non
497 716 885 800 impediam;
952 719 1298 782 dummodo
1353 719 1468 782 hoc
1513 723 1770 800 constet,
1838 740 2042 802 neque
2094 720 2463 803 infantiam
2508 721 2667 802 εἰπε,
2732 723 2851 805 qui
2892 743 3032 786 rem

310 823 503 904 norit,
551 824 662 886 sed
704 844 848 888 eam
894 824 1212 908 esi-plicare
1257 824 1522 889 dicendo
1559 846 1696 889 non
1730 832 1941 909 queat,
1988 847 2193 910 neque
2232 827 2576 890 inscientia
2584 849 2645 890 m
2682 827 2885 903 illius,
2922 829 3035 890 eui

305 951 408 992 res
451 950 590 994 non
633 935 953 1014 suppetat,
1001 931 1194 994 verba
1228 953 1366 995 non
1402 933 1632 1012 desint,
1680 953 1813 996 esse
1851 933 2286 1010 laudandam,·
2337 955 2621 1016 quorum
2654 934 2718 996 si
2752 935 3035 998 alteram

303 1036 366 1098 si
368 1041 394 1099 t
455 1036 834 1120 optandum,
897 1038 1130 1101 malim
1175 1039 1466 1121 equidem
1523 1039 1913 1102 ibidis-eriam
1960 1039 2388 1122 prudentiam
2434 1061 2635 1122 quam
2678 1041 3031 1104 stultitiam

305 1145 649 1225 loquacem.
715 1143 842 1208 Sin
886 1145 1282 1227 quaerimuS,
1331 1145 1492 1228 quid
1533 1166 1752 1209 unu-m
1798 1147 2061 1210 excellat
2094 1168 2171 1210 ex
2204 1147 2527 1228 omnibuS,
2574 1147 2752 1211 docto
2786 1149 3035 1212 emtori

299 1251 526 1332 palma
569 1252 788 1315 danda
833 1257 942 1316 est.
1009 1251 1214 1328 Quem
1257 1253 1321 1316 si
1355 1253 1718 1336 patiuntur
1759 1254 2036 1316 eundem
2080 1275 2211 1317 esse
2247 1253 2728 1337 philosophum,
2773 1254 3031 1318 sublata

300 1356 735 1420 controversia
780 1363 892 1422 est.
945 1357 1071 1422 Sin
1107 1379 1211 1422 eos
1255 1359 1614 1442 diiunyent,
1662 1360 1777 1423 lioe
1814 1365 2012 1424 erunt
2052 1360 2415 1442 inferiores,
2463 1361 2635 1443 quod
2668 1361 2744 1423 in
2780 1366 3029 1425 oratore

297 1463 578 1546 perfeeto
625 1464 797 1527 inest
837 1464 1106 1528 illorum
1145 1466 1361 1529 omnis
1397 1465 1688 1548 seientia,
1735 1466 1811 1529 in
1840 1467 2381 1550 philosophorum
2414 1473 2635 1531 autem
2670 1467 3029 1550 coqnitione

303 1591 436 1633 uon
480 1572 792 1634 continuo
837 1571 1010 1636 inest
1053 1573 1434 1655 eloquentia.

517 1673 628 1740 Sic
665 1681 865 1759 igitur
895 1675 1150 1757 Cicer0,
1192 1699 1386 1760 quem
1426 1682 1715 1742 omnium
1742 1679 2195 1744 Romanorum
2233 1678 2783 1761 perfectissimum
2819 1678 3027 1744 fuisse

303 1791 630 1848 oratorem
677 1787 849 1848 inter
898 1805 1122 1850 omnes
1171 1791 1448 1863 constat,
1495 1807 1642 1851 cum
1681 1786 1965 1852 disertus
2011 1785 2445 1870 philosophus
2485 1806 2627 1850 esse
2668 1785 2885 1864 vellet,
2930 1791 3027 1850 ita

301 1890 712 1975 philosophis
775 1897 986 1956 artem
1049 1892 1446 1957 rhetoricam
1503 1892 1991 1976 exagitantibus
2048 1915 2295 1958 morem
2341 1896 2564 1976 gessit,
2631 1900 2705 1958 ut
2748 1900 3021 1976 peccata

299 1997 436 2077 illa,
499 2019 668 2080 quae
732 1997 1112 2082 philosophi
1166 2004 1295 2064 arti
1349 1999 1449 2064 illi
1497 1999 1889 2079 obiciebant,
1956 1999 2219 2065 dicendi
2274 2004 2732 2083 magistrorum
2780 2003 3025 2065 umeris

299 2109 682 2188 imponeret.
776 2105 910 2170 Sed
975 2106 1159 2170 haud
1215 2110 1351 2172 scio
1409 2128 1497 2170 an
1550 2106 1930 2191 philosophi
1997 2129 2245 2186 omnes,
2303 2128 2389 2171 an
2444 2105 2638 2171 Philo
2698 2111 2837 2189 ipse
2893 2109 3019 2186 his,

299 2233 464 2294 quos
527 2213 724 2278 modo
789 2211 1146 2292 attulimuS‚
1205 2212 1546 2279 Ciceronis
1609 2212 1797 2278 libris
1863 2235 1997 2279 non
2066 2217 2357 2279 contenti
2422 2213 2720 2294 fuissent,
2787 2217 2844 2277 si
2908 2234 3024 2278 eos

294 2318 628 2401 legissent.
721 2319 898 2384 Nam
965 2319 1196 2385 Cicero
1272 2319 1535 2385 silentio
1613 2325 1947 2403 praeterit,
2026 2342 2227 2404 quare
2301 2320 2569 2403 plurimi
2642 2319 3021 2405 philosophi

292 2433 504 2490 artem
559 2427 956 2491 rhetoricam
1011 2433 1198 2491 tanto
1247 2426 1398 2491 odio
1447 2431 1779 2509 prosecuti
1826 2428 1977 2493 sint.
2081 2428 2231 2505 Qui
2284 2449 2445 2492 eam
2500 2429 3021 2511 eloquentiam

294 2536 636 2617 oderant,
703 2556 891 2618 quae
937 2535 1340 2598 veritatem
1395 2541 1621 2618 atque
1674 2536 2149 2618 aequitatem
2192 2557 2349 2600 non
2393 2536 2825 2618 quaerebat,
2888 2537 3023 2600 sed

293 2664 514 2725 saepe
558 2643 1072 2726 oppuynabat,
1124 2641 1456 2706 libenter
1499 2648 1750 2706 autem
1781 2664 2049 2726 pace-m
2086 2643 2387 2705 inituri
2422 2648 2648 2706 erant
2682 2643 2803 2706 his
2839 2663 3014 2706 con-

295 2749 758 2830 dicionibuS,
823 2754 911 2811 ut
971 2749 1416 2832 eloquentia
1481 2749 1756 2813 ceteris
1820 2750 2045 2812 rebus
2098 2749 2387 2833 spretis
2440 2749 2721 2812 matris
2777 2749 3019 2813 bonae

295 2861 521 2938 atque
566 2855 1036 2920 edueatrieis
1071 2856 1252 2938 piae
1301 2857 1509 2919 modo
1556 2855 1907 2920 homines
1960 2856 2274 2935 doceret,
2341 2856 2845 2938 quodcunque
2892 2855 3011 2918 bo-

293 2983 474 3025 num
523 2983 936 3044 verumque
981 2963 1233 3026 essetl.

509 3065 644 3132 Sed
671 3066 1050 3150 eloquentia
1087 3066 1224 3147 illa,
1274 3089 1439 3150 quae
1489 3071 1556 3132 in
1594 3071 1733 3132 iure
1773 3075 1841 3132 et
1875 3069 2118 3132 iudicio
2148 3067 2521 3146 habitabat,
2560 3088 2695 3132 uon
2736 3087 3015 3150 semper,

291 3180 488 3239 immo
535 3195 686 3238 raro
725 3174 882 3238 boni
920 3195 1140 3238 amore
1177 3180 1372 3257 atque
1414 3174 1566 3240 odio
1605 3174 1764 3238 mali
1812 3173 2219 3239 inflammata
2265 3181 2409 3239 erat
2443 3195 2657 3256 neque
2693 3177 2763 3236 in
2790 3172 3013 3243 fronte

289 3281 690 3364 insculptum
733 3280 966 3346 habuit
1009 3279 1422 3364 praeclarum
1469 3280 1633 3345 illud
1683 3281 1959 3346 dictum:
2016 3282 2179 3346 Fiat
2220 3281 2498 3362 iustitia,
2537 3287 2763 3365 pereat
2805 3302 3007 3344 mun-

217 3403 230 3416 '
287 3390 496 3455 clusl²
569 3387 748 3471 Quot
799 3389 1098 3453 homines
1153 3387 1409 3452 nobiles
1464 3388 1774 3467 Romani,
1834 3392 1947 3470 qui
2012 3409 2262 3472 poenas
2328 3390 2747 3470 gravissimas
2812 3393 3013 3469 atque

288 3498 456 3562 adeo
504 3495 896 3580 supplicium
942 3501 1337 3573 meruerant,
1385 3492 1670 3559 absoluti
1717 3500 1889 3575 sunt,
1940 3499 2097 3578 quia
2143 3503 2365 3560 orator
2402 3493 2653 3559 iudices
2690 3514 3009 3572 maerore,

285 3603 756 3680 misericordia,
805 3601 1095 3666 lacrimis
1144 3598 1544 3684 repleverat!
1571 3601 1595 3639 ⁸
1639 3599 1865 3684 Atque
1918 3609 2093 3667 certe
2141 3609 2436 3666 oratores
2472 3601 2760 3666 Romani
2806 3605 3012 3684 parti-

584 3749 716 3757 ——-

501 3817 521 3852 1
560 3817 645 3870 (tf.
673 3815 838 3870 Plato
868 3816 1042 3885 Gorg.
1083 3833 1128 3868 c.
1159 3817 1257 3870 60:
1304 3815 1530 3870 Οὐκοῦν
1567 3816 1727 3886 πρὸς
1751 3825 1937 3870 ταῦτα
1961 3816 2213 3886 βλέπων
2240 3816 2275 3870 ὁ
2303 3815 2503 3884 ῥήτωρ
2529 3816 2783 3882 ἐκεῖνος,
2822 3814 2856 3868 ὁ
2885 3830 3009 3882 τεχ-

283 3909 448 3977 νικός
482 3925 549 3962 τε
587 3908 682 3962 καὶ
718 3907 971 3976 ἀγαθός,
1006 3907 1102 3960 καὶ
1138 3907 1282 3974 τοὺς
1315 3906 1543 3974 λόγους
1564 3908 1875 3975 προσοίσει
1903 3914 2035 3974 ταῖς
2061 3913 2296 3975 ψυχαῖς,
2333 3908 2439 3974 οὓς
2470 3905 2546 3958 ἂν
2571 3905 2739 3972 λέγῃ,
2776 3905 2873 3956 καὶ
2901 3904 3011 3972 τὰς

281 3999 530 4068 πράξεις
567 3999 826 4065 ἁπάσας,
861 3997 958 4049 καὶ
995 3993 1198 4064 ὀῶρσν
1225 3995 1336 4049 ἐάν
1364 4012 1415 4049 τι
1445 3992 1609 4063 ὀιὸῷ,
1647 3993 1847 4062 δώσει,
1885 3996 1982 4049 καί
2007 3995 2119 4048 ἐάν
2143 4010 2194 4047 τι
2220 3997 2557 4064 ἀφαιρῆται,
2596 3991 3009 4060 ἀφαιρήσεται,

280 4086 438 4156 πρὸς
466 4095 638 4140 τοῦτο
667 4087 758 4138 ἀεὶ
787 4085 892 4138 τὸν
915 4093 1064 4139 νοῦν
1091 4085 1266 4153 ἔχων,
1304 4085 1478 4152 ὅπως
1507 4084 1582 4136 ἂν
1611 4085 1791 4138 αὐτοῦ
1819 4092 1944 4152 τοῖς
1969 4084 2246 4150 πολίταις
2274 4081 2612 4148 (δικαιοσύνη
2636 4082 2754 4148 μὲν
2779 4082 2850 4134 ἐν
2878 4088 3007 4148 ταῖς

284 4183 497 4245 mals
532 4177 819 4244 γίγνηται,
856 4172 1048 4228 ἀδικία
1076 4172 1148 4227 δὲ
1176 4173 1634 4241 ἀπαλλάττηται,
1661 4174 1758 4228 καὶ
1786 4173 2149 4242 σωφροσύνη
2172 4171 2289 4238 μὲν
2316 4173 2677 4240 ἐγγίγνηται,
2715 4171 3007 4223 ἀκολασία

280 4263 350 4318 δέ
386 4264 846 4331 ἀπαλλάττηται,
891 4263 988 4316 καί
1023 4261 1058 4330 ἡ
1099 4262 1252 4330 ἄλλη
1290 4260 1470 4332 ἀρετ-ὴ
1508 4263 1870 4330 ἐγγίγνηται,
1908 4263 2083 4314 κακία
2119 4258 2191 4314 δὲ
2226 4261 2387 4326 ἀπίῃ.
2436 4256 2520 4310 Cf.
2560 4255 2797 4310 Phaedr.
2840 4273 2886 4308 c.
2916 4257 3005 4323 43,

280 4351 394 4405 Cic.
435 4351 518 4404 De
557 4352 669 4404 inv.
707 4349 738 4402 Ι
779 4351 805 4403 1
849 4367 968 4417 sqq.

495 4438 518 4474 ²
553 4438 638 4492 Cf.
676 4438 821 4492 Plat.
863 4437 1037 4507 Gorg.
1077 4455 1125 4492 c.
1155 4438 1248 4505 363
1289 4438 1529 4491 Aristot.
1566 4437 1735 4491 Rhet.
1774 4437 1806 4490 Ι
1848 4438 1986 4492 1354
2008 4451 2065 4503 a3
2106 4435 2213 4490 Dio
2252 4435 2445 4502 Chrys.
2486 4434 2581 4488 Or.
2609 4434 2698 4502 43,
2736 4435 2785 4488 6.

493 4527 516 4562 ³
552 4527 638 4581 Cf.
668 4527 950 4581 Ciceronis
987 4529 1158 4596 ipsius
1196 4526 1478 4581 orationes
1515 4543 1617 4595 pro
1645 4525 1869 4591 Flacco,
1908 4542 2010 4594 pro
2048 4523 2305 4589 Fonteio,
2345 4523 2417 4576 al.
2456 4522 2637 4592 Quam
2678 4521 2877 4592 agendi
2915 4540 3003 4575 ra-

276 4621 488 4674 tionem
517 4617 714 4670 Cicero
751 4617 830 4670 sic
867 4621 1100 4686 purgat:
1139 4616 1252 4670 Nec
1287 4621 1487 4681 tamen,
1523 4619 1586 4668 ut
1621 4616 1718 4668 hoe
1752 4615 2080 4684 fuyiendum
2116 4619 2209 4682 est,
2246 4613 2379 4666 item
2414 4617 2491 4666 est
2525 4611 2831 4665 lia-bendum
2864 4612 2999 4664 reli-

271 4708 432 4778 qioni
471 4713 748 4761 noc-entem
783 4706 1099 4774 aliquando,
1135 4706 1294 4760 modo
1329 4723 1398 4758 ne
1433 4703 1719 4772 nefarium
1753 4703 2116 4772 impiumque,
2161 4701 2469 4769 defendere;
2529 4701 2638 4754 vult
2673 4701 2769 4754 hoe
2804 4701 3003 4754 neulti-

275 4798 420 4864 tudo,
468 4795 684 4866 patitur
737 4796 1075 4862 consuetudo,
1130 4794 1236 4863 fert
1279 4795 1448 4848 etiam
1492 4792 1835 4848 humanitas.
1910 4792 2177 4846 Iudicis
2222 4796 2317 4844 est
2363 4807 2618 4859 semper
2658 4788 2733 4842 in
2769 4789 3002 4843 cau-sis
