3567 5109
1393 325 1880 388 —175—

254 557 419 600 cum
467 535 550 600 ob
610 534 779 600 alias
834 541 975 600 tum
1029 535 1160 602 hac
1202 535 1282 600 de
1332 555 1530 600 causa
1576 556 1725 599 eum
1780 536 1955 599 inter
2011 534 2218 601 malos
2263 535 2646 602 Latinitatis
2693 545 2997 603 auctores

254 641 619 708 referebat.

485 748 678 814 Post
712 769 989 814 nomen
1026 749 1546 832 praepositiones
1584 749 1952 816 secundum
1967 755 2252 814 veterem
2281 771 2528 816 morem
2565 751 2792 840 (saepe
2820 752 2996 817 hunc

258 857 491 922 locum
534 861 766 922 tenent
806 857 877 920 in
924 854 1209 922 dialecto
1250 855 1573 922 Oscorum
1620 862 1688 921 et
1722 855 2144 936 Umbrorum,
2195 856 2440 926 Planta
2474 857 2551 923 H
2587 861 2746 942 490)
2795 859 2996 925 collo-

264 971 463 1028 catae
529 970 711 1027 sunt:
795 963 1025 1029 P248-
1058 970 1139 1028 ut
1188 965 1385 1028 illum
1439 965 1542 1028 ted
1583 985 1737 1048 erya
1778 964 1930 1046 seia,
1995 961 2213 1030 A175
2264 972 2318 1031 te
2357 972 2633 1051 proper
2675 969 2786 1050 (ex
2827 967 2995 1032 coni.

263 1069 549 1154 Bothii)‚
594 1070 661 1135 A
700 1091 796 1155 pr.
834 1072 875 1135 3
938 1072 1084 1136 Vim
1141 1071 1463 1136 Gallicam
1508 1069 1713 1136 obdue
1755 1077 1984 1136 eontra
2027 1072 2106 1136 in
2148 1073 2352 1138 aciem
2397 1074 2767 1139 exercitum.

1214 1320 1283 1388 3.
1332 1321 1435 1388 De
1480 1321 2060 1405 pronominibus·

486 1478 895 1546 Accuratum
933 1480 1303 1560 discrimen,
1354 1481 1533 1564 quod
1568 1481 1640 1545 in
1664 1482 2164 1563 pronominibus
2193 1482 2602 1548 reflexivis
2633 1489 2700 1548 et
2728 1484 2995 1549 demon-

268 1587 559 1652 strativis
609 1586 935 1669 ponendis
982 1588 1215 1670 optimi
1260 1589 1612 1672 scriptores
1660 1587 2119 1669 observabant,
2166 1590 2465 1655 homines
2505 1592 2796 1674 antiquis
2833 1597 2995 1656 tem-

270 1694 546 1777 poribus
611 1695 680 1759 in
744 1695 1095 1777 cogitando
1162 1696 1379 1760 minus
1435 1697 1828 1772 exercitatos
1883 1696 2247 1779 neglexisse
2305 1704 2822 1764 consentaneum
2877 1705 2998 1764 est.

271 1801 503 1885 Atque
550 1802 870 1869 eiusmodi
910 1802 1142 1867 turbae
1181 1803 1251 1867 in
1290 1823 1588 1868 sermone
1626 1803 1858 1868 humili
1885 1809 2024 1868 tam
2051 1806 2332 1870 usitatae
2364 1805 2645 1885 fuerunt,
2685 1811 2760 1870 ut
2797 1805 2996 1870 etiam

274 1907 528 1986 Cicer0‚
591 1909 708 1973 ubi
769 1909 1139 1975 remissiore
1204 1930 1439 1992 genere
1498 1909 1763 1974 dicendi
1817 1909 2142 1989 utebatur,
2203 1911 2368 1976 talia
2427 1913 2554 1977 sibi
2605 1912 2996 1996 indulgeret.

270 2013 483 2099 Apud
525 2014 887 2080 Pacuvium
932 2017 1005 2080 in
1050 2018 1391 2082 enuntiato
1438 2016 1713 2082 relativo
1764 2038 1884 2099 pro
1935 2018 2446 2084 demonstrativo
2486 2039 2850 2102 pronomen
2895 2041 2996 2083 re-

272 2121 579 2186 flexivum
625 2123 911 2205 positum
960 2124 1247 2188 occurrit
1289 2145 1346 2188 v.
1386 2126 1545 2206 38s9
1592 2125 1771 2188 Nam
1817 2126 2001 2189 canis
2042 2177 2056 2190 .
2102 2177 2115 2190 .
2159 2146 2295 2190 non
2333 2132 2470 2191 tam
2505 2127 2700 2192 illum
2733 2128 2994 2211 adpetit,

275 2229 395 2313 qui
435 2251 569 2294 sese
611 2230 745 2294 icit.
797 2267 885 2276 —
930 2229 1119 2294 Idem
1168 2229 1297 2295 duo
1346 2231 1689 2296 enuntiata
1732 2230 2071 2297 relativa
2123 2232 2222 2297 ita
2267 2231 2553 2314 copulat,
2599 2239 2673 2298 ut
2718 2231 2997 2298 alterum

278 2334 791 2400 demonstrativo
824 2335 1223 2418 adiungatur
1243 2357 1297 2403 v.
1323 2339 1523 2421 197l8
1553 2339 1769 2404 Mater
1791 2391 1804 2404 .
1844 2391 1857 2404 .
1871 2389 1889 2422 ,
1919 2361 2082 2423 quae
2109 2361 2340 2404 euram
2357 2361 2584 2406 somno
2609 2363 3000 2425 suspensam

277 2443 449 2506 levas
490 2463 697 2527 neque
745 2449 802 2506 te
846 2445 976 2507 mei
1017 2444 1280 2508 miseret
1318 2497 1329 2508 .
1377 2496 1391 2509 .
1478 2444 1562 2509 Id
1608 2451 1962 2528 propterea
2007 2444 2261 2512 factum
2307 2466 2451 2510 esse
2497 2445 2771 2524 videtur,
2819 2447 2998 2530 quod

276 2554 345 2613 et
407 2548 710 2632 repetitio
758 2547 1015 2614 relativi
1072 2549 1327 2635 aliquid
1382 2550 1639 2616 molesti
1692 2552 1982 2618 habebat
2035 2559 2102 2618 et
2155 2552 2433 2618 alterum
2487 2553 2850 2619 membrum
2896 2555 2998 2618 sui

281 2655 444 2720 iuris
488 2654 743 2720 factum
790 2654 1070 2738 simplici
1118 2657 1531 2739 antiquitatis
1578 2656 1729 2723 stilo
1777 2658 1944 2724 bene
1991 2660 2439 2738 conveniebat,
2489 2661 2600 2744 qui
2645 2662 2997 2743 parataxin

285 2760 699 2827 adamabat¹.
746 2760 895 2846 Qua
940 2763 1201 2828 ratione
1240 2785 1316 2828 eo
1352 2770 1619 2829 ventum
1657 2771 1773 2843 est,
1819 2772 1895 2829 ut
1933 2787 2082 2831 cum
2118 2767 2460 2832 enuntiato
2499 2768 2774 2834 relativo
2815 2767 2998 2834 aliud

283 2867 863 2964 conglutinaretur,
927 2870 998 2935 in
1064 2890 1192 2952 quo
1256 2869 1600 2935 relativum
1660 2870 1844 2935 nullo
1899 2873 2094 2938 modo
2151 2880 2325 2938 stare
2380 2874 2482 2939 vel
2537 2877 2756 2972 animo
2822 2875 2996 2940 adici

278 2981 523 3057 posset,
569 2973 749 3039 velut
777 2956 849 3039 A
873 2978 999 3040 112
1048 2976 1181 3054 Qui
1222 2998 1425 3061 neque
1473 2983 1739 3042 tmaest
1774 2977 1968 3042 datas
2001 3000 2118 3044 nee
2151 2981 2390 3044 cineris
2435 3003 2635 3046 eausa
2677 3003 2998 3066 umquam

282 3081 487 3146 erasit
526 3103 743 3165 vapos,
806 3120 893 3128 —
949 3081 1262 3150 Veterem
1307 3083 1858 3165 repetitionem
1906 3084 2382 3151 substantivi
2426 3088 2497 3152 in
2543 3089 2995 3154 enuntiatione

280 3187 555 3252 relativa
616 3185 971 3274 (Schmalz.
1027 3211 1089 3272 p.
1128 3191 1285 3273 371)
1348 3189 1612 3254 exhibet
1664 3189 1910 3274 A46s7
1963 3192 2164 3257 Multi
2211 3245 2224 3258 .
2281 3245 2294 3259 .
2353 3197 2706 3280 composita
2749 3195 2921 3261 dieta
2965 3217 2998 3260 e

268 3299 524 3379 pectore
586 3297 886 3360 evolvunt
937 3317 1077 3378 suo,
1140 3317 1306 3380 quae
1356 3319 1508 3362 eum
1560 3317 1907 3382 componas
1959 3299 2132 3364 dicta
2185 3300 2380 3383 saetis
2433 3301 2857 3386 dise-repant&
2911 3340 2994 3351 —-

284 3398 707 3485 Quisquam
754 3423 871 3485 pro
910 3403 1158 3468 usitato
1196 3405 1346 3489 qais
1388 3404 1461 3468 in
1507 3404 1847 3470 enuntiato
1888 3405 2328 3472 condicionali
2376 3415 2618 3474 exstat:
2667 3409 2874 3474 P344
2923 3417 3002 3474 ut

280 3529 405 3591 eqo,
451 3509 515 3572 si
548 3509 899 3593 quisquam
942 3532 1045 3574 me
1092 3511 1254 3595 tayit
1296 3516 1361 3574 et
1405 3513 1477 3576 in
1521 3509 1709 3576 finali
1757 3512 1965 3595 (quod
1999 3533 2222 3582 rarum
2260 3520 2376 3594 est,
2425 3514 2732 3598 Draeger
2767 3517 2804 3580 Ι
2851 3519 2994 3601 98):

281 3613 501 3678 A217
545 3615 646 3679 Ne
688 3637 839 3680 eum
886 3622 1169 3700 tyranno
1214 3619 1565 3702 quisquam
1606 3671 1617 3682 .
1665 3670 1678 3683 .
1728 3619 2066 3684 aeeumbat
2097 3643 2412 3688 mnsam.
2455 3660 2541 3670 —
2587 3622 2993 3689 Attractio

282 3721 761 3805 pronominis
814 3722 1165 3788 invenitur:
1220 3723 1396 3790 Al9
1442 3746 1637 3809 quem
1688 3726 1835 3808 seis,
1881 3727 2067 3810 quali
2107 3727 2184 3791 in
2233 3735 2289 3792 te
2332 3728 2454 3793 siet
2495 3729 2827 3813 fidelitate,
2883 3731 2998 3795 ubi

284 3826 647 3892 subiectum
692 3829 1019 3894 enuntiati
1072 3831 1442 3895 secundarii
1490 3831 1820 3896 obiectum
1874 3830 2123 3897 factum
2170 3841 2270 3900 est
2313 3835 2626 3916 primarii,
2678 3858 2846 3919 quae
2892 3859 2997 3902 res

282 3931 584 4015 frequens
632 3941 750 3999 est.
800 3933 1049 4001 Contra
1084 3935 1324 4002 Holtze
1361 3959 1423 4022 p.
1463 3940 1548 4002 36
1595 3938 1699 4002 vix
1735 3938 1904 4003 bene
1941 3941 2399 4006 attractionem
2439 3940 2800 4024 appellavit
2833 3943 2891 4007 P
2913 3947 2997 4010 83

281 4062 439 4104 ozam
482 4041 615 4124 isti,
681 4042 801 4125 qui
846 4043 1143 4127 linyuam
1186 4045 1415 4109 avium
1466 4045 1853 4128 intelleqzmt
1899 4099 1912 4111 .
1960 4098 1973 4112 .
2021 4098 2033 4111 .
2083 4048 2294 4132 mayis
2347 4047 2752 4114 audiendum
2797 4073 2998 4134 quam

280 4149 789 4213 auscultandum
832 4170 1085 4228 oensem·
1145 4151 1584 4216 nominativus
1638 4152 1756 4217 isti
1799 4174 1932 4217 non
1988 4161 2256 4236 propter
2303 4175 2584 4237 sequens
2631 4157 2752 4240 qai
2794 4155 2996 4220 collo-

284 4259 468 4318 catus
534 4261 651 4334 est,
721 4254 837 4319 sed
899 4255 1051 4320 talis
1098 4255 1342 4322 locutio
1392 4258 1529 4322 eius
1585 4265 1701 4339 est,
1772 4260 1883 4342 qui
1929 4261 2242 4325 maiorem
2291 4259 2634 4326 verborum
2681 4263 2997 4328 ambitum

496 4463 517 4498 ²
553 4465 751 4518 Cicero
790 4482 1009 4534 quoque
1044 4466 1189 4520 hanc
1225 4473 1563 4522 structuram
1602 4469 1854 4536 admisit3
1895 4471 2114 4539 copiam
2149 4471 2403 4526 locorum
2439 4473 2671 4542 praebet
2696 4473 2997 4544 Lebreton,

280 4537 483 4606 Etudes
519 4570 619 4606 sur
655 4554 713 4607 la
749 4555 945 4623 lanque
979 4560 1029 4608 et
1064 4555 1121 4609 la
1152 4558 1493 4625 yrammaire
1527 4559 1591 4611 de
1636 4558 1878 4627 Oto-eron,
1913 4577 1967 4628 p.
1999 4559 2127 4628 1013
2165 4561 2370 4615 Caesar
2406 4579 2528 4615 eam
2567 4561 2732 4632 fugit.

495 4639 517 4674 ²
551 4640 824 4697 Ribbeck.
862 4647 993 4712 post
1027 4661 1319 4713 componas
1356 4647 1720 4716 interpunxit,
1758 4649 1908 4717 quod
1941 4649 1997 4701 di
2002 4649 2225 4717 splieet3
2263 4650 2512 4720 perdidit
2549 4651 2629 4704 ita
2666 4653 2849 4706 lusum
2877 4671 2997 4708 ver-

280 4729 496 4796 borum,
536 4731 629 4798 qui
668 4730 1005 4786 exadversus
1042 4734 1237 4801 positis
1274 4734 1538 4788 membris
1576 4738 1876 4806 eoneposita
1912 4737 2064 4791 dicta
2100 4745 2156 4791 et
2193 4755 2318 4793 eum
2355 4757 2647 4810 omnponas
2692 4741 2842 4796 dieta
2877 4743 2996 4796 effi·

282 4819 443 4872 citur.
482 4817 671 4872 Factis
708 4821 973 4875 videlicet
1010 4822 1133 4878 ἀπὸ
1170 4833 1374 4879 κοινοῦ
1411 4822 1483 4877 ad
1518 4825 1834 4894 discrepant
1869 4842 2087 4896 quoque
2125 4830 2382 4896 pertinet.
