<?xml version="1.0" encoding="UTF-8"?>
<!DOCTYPE html PUBLIC "-//W3C//DTD XHTML 1.0 Transitional//EN"
    "http://www.w3.org/TR/xhtml1/DTD/xhtml1-transitional.dtd">
<html xmlns="http://www.w3.org/1999/xhtml" xml:lang="en" lang="en">
 <head>
  <title>
</title>
<meta http-equiv="Content-Type" content="text/html;charset=utf-8" />
  <meta name='ocr-system' content='tesseract 3.04.00' />
  <meta name='ocr-capabilities' content='ocr_page ocr_carea ocr_par ocr_line ocrx_word'/>
</head>
<body>
  <div class='ocr_page' id='page_1' title='image "./dissertationesp09wiengoog_0033.png"; bbox 0 0 3567 5109; ppageno 0'>
   <div class='ocr_carea' id='block_1_1' title="bbox 1419 292 1845 357">
    <p class='ocr_par' dir='ltr' id='par_1_1' title="bbox 1419 292 1845 357">
     <span class='ocr_line' id='line_1_1' title="bbox 1419 292 1845 357; baseline 0.005 -18"><span class='ocrx_word' id='word_1_1' title='bbox 1419 292 1845 357; x_wconf 49' lang='lat'>*25-</span> 
     </span>
    </p>
   </div>
   <div class='ocr_carea' id='block_1_2' title="bbox 495 483 2223 641">
    <p class='ocr_par' dir='ltr' id='par_1_2' title="bbox 495 483 2223 641">
     <span class='ocr_line' id='line_1_2' title="bbox 495 483 2071 554; baseline 0.003 -21"><span class='ocrx_word' id='word_1_2' title='bbox 495 484 559 547; x_wconf 85' lang='lat' dir='ltr'><strong>V,</strong></span> <span class='ocrx_word' id='word_1_3' title='bbox 598 488 664 537; x_wconf 83' lang='lat'><strong>52</strong></span> <span class='ocrx_word' id='word_1_4' title='bbox 701 488 750 537; x_wconf 79' lang='lat' dir='ltr'><strong>si</strong></span> <span class='ocrx_word' id='word_1_5' title='bbox 788 487 999 536; x_wconf 84' lang='lat' dir='ltr'><strong>scelere</strong></span> <span class='ocrx_word' id='word_1_6' title='bbox 1039 486 1299 537; x_wconf 77' lang='lat' dir='ltr'><strong>abstineo</strong></span> <span class='ocrx_word' id='word_1_7' title='bbox 1324 483 1343 554; x_wconf 86' lang='grc' dir='ltr'><strong>ΙΙ</strong></span> <span class='ocrx_word' id='word_1_8' title='bbox 1366 488 1552 537; x_wconf 88' lang='lat' dir='ltr'><strong>errori</strong></span> <span class='ocrx_word' id='word_1_9' title='bbox 1590 488 1873 538; x_wconf 83' lang='lat' dir='ltr'><strong>obnoxius</strong></span> <span class='ocrx_word' id='word_1_10' title='bbox 1907 492 1963 537; x_wconf 77' lang='lat' dir='ltr'><strong>et</strong></span> <span class='ocrx_word' id='word_1_11' title='bbox 1996 489 2071 554; x_wconf 85' lang='lat' dir='ltr'><strong>si;</strong></span> 
     </span>
     <span class='ocr_line' id='line_1_3' title="bbox 495 571 2223 641; baseline 0.003 -20"><span class='ocrx_word' id='word_1_12' title='bbox 495 572 726 635; x_wconf 78' lang='lat' dir='ltr'>XXXII,</span> <span class='ocrx_word' id='word_1_13' title='bbox 765 576 834 623; x_wconf 76' lang='lat'><strong>44</strong></span> <span class='ocrx_word' id='word_1_14' title='bbox 873 574 1016 625; x_wconf 86' lang='lat' dir='ltr'><strong>illud</strong></span> <span class='ocrx_word' id='word_1_15' title='bbox 1057 576 1118 624; x_wconf 87' lang='lat' dir='ltr'><strong>ut</strong></span> <span class='ocrx_word' id='word_1_16' title='bbox 1157 574 1362 623; x_wconf 81' lang='lat' dir='ltr'><strong>auxilii</strong></span> <span class='ocrx_word' id='word_1_17' title='bbox 1387 571 1407 641; x_wconf 76' lang='grc' dir='ltr'><strong>ΙΙ</strong></span> <span class='ocrx_word' id='word_1_18' title='bbox 1432 576 1540 624; x_wconf 86' lang='lat' dir='ltr'><strong>hoc</strong></span> <span class='ocrx_word' id='word_1_19' title='bbox 1579 580 1722 627; x_wconf 75' lang='lat' dir='ltr'><strong>esset</strong></span> <span class='ocrx_word' id='word_1_20' title='bbox 1757 588 1928 626; x_wconf 81' lang='lat' dir='ltr'><strong>causa</strong></span> <span class='ocrx_word' id='word_1_21' title='bbox 1966 576 2223 627; x_wconf 85' lang='lat' dir='ltr'><strong>bibendi.</strong></span> 
     </span>
    </p>
   </div>
   <div class='ocr_carea' id='block_1_3' title="bbox 273 696 2987 884">
    <p class='ocr_par' dir='ltr' id='par_1_3' title="bbox 273 696 2987 884">
     <span class='ocr_line' id='line_1_4' title="bbox 273 696 2987 779; baseline 0.001 -23"><span class='ocrx_word' id='word_1_22' title='bbox 273 696 520 775; x_wconf 83' lang='lat' dir='ltr'><strong>Neque</strong></span> <span class='ocrx_word' id='word_1_23' title='bbox 566 696 1057 769; x_wconf 84' lang='lat' dir='ltr'><strong>dubitabimuS‚</strong></span> <span class='ocrx_word' id='word_1_24' title='bbox 1137 700 1304 777; x_wconf 92' lang='lat' dir='ltr'><strong>quin</strong></span> <span class='ocrx_word' id='word_1_25' title='bbox 1368 705 1560 761; x_wconf 87' lang='lat' dir='ltr'><strong>recte</strong></span> <span class='ocrx_word' id='word_1_26' title='bbox 1625 716 1699 761; x_wconf 89' lang='lat' dir='ltr'><strong>se</strong></span> <span class='ocrx_word' id='word_1_27' title='bbox 1764 699 2017 761; x_wconf 87' lang='lat' dir='ltr'><strong>habeat</strong></span> <span class='ocrx_word' id='word_1_28' title='bbox 2081 700 2309 775; x_wconf 85' lang='lat' dir='ltr'><strong>lecti0‚</strong></span> <span class='ocrx_word' id='word_1_29' title='bbox 2377 717 2585 777; x_wconf 89' lang='lat' dir='ltr'><strong>quam</strong></span> <span class='ocrx_word' id='word_1_30' title='bbox 2652 698 2987 779; x_wconf 83' lang='lat' dir='ltr'><strong>proponit</strong></span> 
     </span>
     <span class='ocr_line' id='line_1_5' title="bbox 277 802 1734 884; baseline 0.003 -23"><span class='ocrx_word' id='word_1_31' title='bbox 277 802 638 864; x_wconf 90' lang='lat' dir='ltr'><strong>Hartelius</strong></span> <span class='ocrx_word' id='word_1_32' title='bbox 688 802 776 863; x_wconf 91' lang='lat' dir='ltr'><strong>ad</strong></span> <span class='ocrx_word' id='word_1_33' title='bbox 823 820 1106 865; x_wconf 83' lang='lat' dir='ltr'><strong>versum</strong></span> <span class='ocrx_word' id='word_1_34' title='bbox 1150 804 1228 881; x_wconf 89' lang='lat' dir='ltr'><strong>X,</strong></span> <span class='ocrx_word' id='word_1_35' title='bbox 1278 807 1402 863; x_wconf 81' lang='lat'><strong>250</strong></span> <span class='ocrx_word' id='word_1_36' title='bbox 1451 804 1540 884; x_wconf 87' lang='lat' dir='ltr'><strong>(p.</strong></span> <span class='ocrx_word' id='word_1_37' title='bbox 1595 804 1734 882; x_wconf 89' lang='lat'>11):</span> 
     </span>
    </p>
   </div>
   <div class='ocr_carea' id='block_1_4' title="bbox 495 956 1905 1027">
    <p class='ocr_par' dir='ltr' id='par_1_4' title="bbox 495 956 1905 1027">
     <span class='ocr_line' id='line_1_6' title="bbox 495 956 1905 1027; baseline 0.002 -20"><span class='ocrx_word' id='word_1_38' title='bbox 495 960 816 1008; x_wconf 82' lang='lat' dir='ltr'><strong>Raraunum</strong></span> <span class='ocrx_word' id='word_1_39' title='bbox 857 958 1108 1009; x_wconf 84' lang='lat' dir='ltr'><strong>Ausonia</strong></span> <span class='ocrx_word' id='word_1_40' title='bbox 1137 956 1156 1027; x_wconf 76' lang='grc' dir='ltr'>Η</span> <span class='ocrx_word' id='word_1_41' title='bbox 1181 960 1294 1011; x_wconf 85' lang='lat' dir='ltr'><strong>heu</strong></span> <span class='ocrx_word' id='word_1_42' title='bbox 1332 960 1624 1011; x_wconf 81' lang='lat' dir='ltr'><strong>devenisse</strong></span> <span class='ocrx_word' id='word_1_43' title='bbox 1661 960 1905 1019; x_wconf 85' lang='lat' dir='ltr'><strong>curules,</strong></span> 
     </span>
    </p>
   </div>
   <div class='ocr_carea' id='block_1_5' title="bbox 264 1079 2987 3241">
    <p class='ocr_par' dir='ltr' id='par_1_5' title="bbox 269 1079 2069 1159">
     <span class='ocr_line' id='line_1_7' title="bbox 269 1079 2069 1159; baseline 0.003 -19"><span class='ocrx_word' id='word_1_44' title='bbox 269 1080 398 1141; x_wconf 90' lang='lat' dir='ltr'><strong>ubi</strong></span> <span class='ocrx_word' id='word_1_45' title='bbox 447 1081 616 1142; x_wconf 88' lang='lat' dir='ltr'><strong>VNn</strong></span> <span class='ocrx_word' id='word_1_46' title='bbox 665 1081 996 1144; x_wconf 83' lang='lat' dir='ltr'><strong>exhibent</strong></span> <span class='ocrx_word' id='word_1_47' title='bbox 1042 1079 1388 1159; x_wconf 67' lang='lat' dir='ltr'><strong>Ausonias,</strong></span> <span class='ocrx_word' id='word_1_48' title='bbox 1435 1084 1552 1145; x_wconf 91' lang='grc' dir='ltr'><strong>ΒΟ</strong></span> <span class='ocrx_word' id='word_1_49' title='bbox 1601 1079 1897 1143; x_wconf 68' lang='lat' dir='ltr'><strong>Ausonia</strong></span> <span class='ocrx_word' id='word_1_50' title='bbox 1938 1102 2069 1147; x_wconf 75' lang='lat' dir='ltr'><strong>seu.</strong></span> 
     </span>
    </p>

    <p class='ocr_par' dir='ltr' id='par_1_6' title="bbox 264 1184 2987 2526">
     <span class='ocr_line' id='line_1_8' title="bbox 492 1184 2985 1271; baseline 0.001 -24"><span class='ocrx_word' id='word_1_51' title='bbox 492 1186 664 1248; x_wconf 92' lang='lat' dir='ltr'><strong>Tum</strong></span> <span class='ocrx_word' id='word_1_52' title='bbox 714 1188 784 1248; x_wconf 88' lang='lat' dir='ltr'><strong>in</strong></span> <span class='ocrx_word' id='word_1_53' title='bbox 831 1186 1069 1255; x_wconf 78' lang='lat' dir='ltr'><strong>verbis</strong></span> <span class='ocrx_word' id='word_1_54' title='bbox 1117 1184 1564 1271; x_wconf 74' lang='lat' dir='ltr'><strong>spondiacis</strong></span> <span class='ocrx_word' id='word_1_55' title='bbox 1613 1190 1981 1251; x_wconf 87' lang='lat' dir='ltr'><strong>Paulinum</strong></span> <span class='ocrx_word' id='word_1_56' title='bbox 2033 1207 2275 1251; x_wconf 90' lang='lat' dir='ltr'><strong>eorum</strong></span> <span class='ocrx_word' id='word_1_57' title='bbox 2324 1207 2527 1251; x_wconf 87' lang='lat' dir='ltr'><strong>usum</strong></span> <span class='ocrx_word' id='word_1_58' title='bbox 2574 1190 2985 1269; x_wconf 88' lang='lat' dir='ltr'><strong>plerumque</strong></span> 
     </span>
     <span class='ocr_line' id='line_1_9' title="bbox 269 1270 2985 1373; baseline 0 -22"><span class='ocrx_word' id='word_1_59' title='bbox 269 1298 595 1352; x_wconf 89' lang='lat' dir='ltr'><strong>secutum</strong></span> <span class='ocrx_word' id='word_1_60' title='bbox 661 1309 813 1353; x_wconf 91' lang='lat' dir='ltr'><strong>esse</strong></span> <span class='ocrx_word' id='word_1_61' title='bbox 879 1270 1384 1371; x_wconf 83' lang='lat' dir='ltr'><strong>cognoscimus,</strong></span> <span class='ocrx_word' id='word_1_62' title='bbox 1457 1295 1574 1373; x_wconf 89' lang='lat' dir='ltr'><strong>qui</strong></span> <span class='ocrx_word' id='word_1_63' title='bbox 1639 1294 1890 1355; x_wconf 88' lang='lat' dir='ltr'><strong>harum</strong></span> <span class='ocrx_word' id='word_1_64' title='bbox 1955 1312 2205 1356; x_wconf 89' lang='lat' dir='ltr'><strong>vocum</strong></span> <span class='ocrx_word' id='word_1_65' title='bbox 2272 1290 2627 1355; x_wconf 77' lang='lat' dir='ltr'><strong>elisionem</strong></span> <span class='ocrx_word' id='word_1_66' title='bbox 2676 1294 2745 1355; x_wconf 89' lang='lat' dir='ltr'><strong>in</strong></span> <span class='ocrx_word' id='word_1_67' title='bbox 2791 1292 2985 1352; x_wconf 83' lang='lat' dir='ltr'><strong>brevi</strong></span> 
     </span>
     <span class='ocr_line' id='line_1_10' title="bbox 267 1396 2987 1477; baseline 0 -21"><span class='ocrx_word' id='word_1_68' title='bbox 267 1396 544 1473; x_wconf 77' lang='lat' dir='ltr'><strong>syllaba</strong></span> <span class='ocrx_word' id='word_1_69' title='bbox 591 1414 731 1458; x_wconf 92' lang='lat' dir='ltr'><strong>non</strong></span> <span class='ocrx_word' id='word_1_70' title='bbox 782 1397 1218 1460; x_wconf 88' lang='lat' dir='ltr'><strong>admiserunt</strong></span> <span class='ocrx_word' id='word_1_71' title='bbox 1265 1398 1395 1461; x_wconf 91' lang='lat' dir='ltr'><strong>nisi</strong></span> <span class='ocrx_word' id='word_1_72' title='bbox 1443 1401 1510 1459; x_wconf 94' lang='lat' dir='ltr'><strong>in</strong></span> <span class='ocrx_word' id='word_1_73' title='bbox 1559 1400 1736 1461; x_wconf 89' lang='lat' dir='ltr'><strong>thesi</strong></span> <span class='ocrx_word' id='word_1_74' title='bbox 1766 1400 2010 1477; x_wconf 88' lang='lat' dir='ltr'><strong>prima.</strong></span> <span class='ocrx_word' id='word_1_75' title='bbox 2062 1399 2194 1461; x_wconf 88' lang='lat' dir='ltr'><strong>Sed</strong></span> <span class='ocrx_word' id='word_1_76' title='bbox 2226 1404 2388 1461; x_wconf 88' lang='lat' dir='ltr'><strong>sunt</strong></span> <span class='ocrx_word' id='word_1_77' title='bbox 2419 1399 2737 1477; x_wconf 85' lang='lat' dir='ltr'><strong>inprimis</strong></span> <span class='ocrx_word' id='word_1_78' title='bbox 2772 1397 2987 1457; x_wconf 87' lang='lat' dir='ltr'><strong>verba</strong></span> 
     </span>
     <span class='ocr_line' id='line_1_11' title="bbox 267 1500 2986 1582; baseline 0.001 -22"><span class='ocrx_word' id='word_1_79' title='bbox 267 1500 612 1563; x_wconf 87' lang='lat' dir='ltr'><strong>diuturna</strong></span> <span class='ocrx_word' id='word_1_80' title='bbox 703 1504 1208 1565; x_wconf 87' lang='lat' dir='ltr'><strong>consuetudine</strong></span> <span class='ocrx_word' id='word_1_81' title='bbox 1299 1505 1482 1577; x_wconf 82' lang='lat' dir='ltr'><strong>trita,</strong></span> <span class='ocrx_word' id='word_1_82' title='bbox 1576 1522 1754 1582; x_wconf 86' lang='lat' dir='ltr'><strong>quae</strong></span> <span class='ocrx_word' id='word_1_83' title='bbox 1845 1504 1977 1566; x_wconf 88' lang='lat' dir='ltr'><strong>hac</strong></span> <span class='ocrx_word' id='word_1_84' title='bbox 2051 1507 2117 1566; x_wconf 94' lang='lat' dir='ltr'><strong>in</strong></span> <span class='ocrx_word' id='word_1_85' title='bbox 2209 1504 2373 1567; x_wconf 91' lang='lat' dir='ltr'><strong>sede</strong></span> <span class='ocrx_word' id='word_1_86' title='bbox 2464 1504 2986 1565; x_wconf 87' lang='lat' dir='ltr'><strong>imminuuntur.</strong></span> 
     </span>
     <span class='ocr_line' id='line_1_12' title="bbox 267 1602 2986 1688; baseline -0 -23"><span class='ocrx_word' id='word_1_87' title='bbox 267 1606 622 1685; x_wconf 87' lang='lat' dir='ltr'><strong>Exempla</strong></span> <span class='ocrx_word' id='word_1_88' title='bbox 671 1612 898 1669; x_wconf 87' lang='lat' dir='ltr'><strong>autem</strong></span> <span class='ocrx_word' id='word_1_89' title='bbox 949 1613 1112 1669; x_wconf 86' lang='lat' dir='ltr'><strong>sunt</strong></span> <span class='ocrx_word' id='word_1_90' title='bbox 1161 1608 1365 1669; x_wconf 90' lang='lat' dir='ltr'><strong>haec:</strong></span> <span class='ocrx_word' id='word_1_91' title='bbox 1417 1615 1599 1668; x_wconf 73' lang='lat' dir='ltr'><strong>eaetra</strong></span> <span class='ocrx_word' id='word_1_92' title='bbox 1642 1606 1961 1669; x_wconf 70' lang='lat' dir='ltr'><strong>homimum</strong></span> <span class='ocrx_word' id='word_1_93' title='bbox 1996 1609 2100 1686; x_wconf 87' lang='lat' dir='ltr'><strong>(X,</strong></span> <span class='ocrx_word' id='word_1_94' title='bbox 2150 1609 2332 1686; x_wconf 77' lang='grc'>226);</span> <span class='ocrx_word' id='word_1_95' title='bbox 2385 1626 2576 1688; x_wconf 73' lang='lat' dir='ltr'><strong>quare</strong></span> <span class='ocrx_word' id='word_1_96' title='bbox 2623 1602 2775 1665; x_wconf 79' lang='lat' dir='ltr'><strong>ades</strong></span> <span class='ocrx_word' id='word_1_97' title='bbox 2822 1604 2986 1682; x_wconf 89' lang='lat' dir='ltr'>(XV,</span> 
     </span>
     <span class='ocr_line' id='line_1_13' title="bbox 271 1710 2985 1795; baseline 0.001 -26"><span class='ocrx_word' id='word_1_98' title='bbox 271 1710 424 1788; x_wconf 80' lang='lat'>50);</span> <span class='ocrx_word' id='word_1_99' title='bbox 492 1730 685 1791; x_wconf 78' lang='lat' dir='ltr'><strong>quare</strong></span> <span class='ocrx_word' id='word_1_100' title='bbox 750 1710 974 1795; x_wconf 69' lang='lat' dir='ltr'><strong>opvseae</strong></span> <span class='ocrx_word' id='word_1_101' title='bbox 1020 1712 1285 1789; x_wconf 83' lang='lat' dir='ltr'><strong>(XXXI,</strong></span> <span class='ocrx_word' id='word_1_102' title='bbox 1338 1713 1478 1789; x_wconf 72' lang='grc'>97);</span> <span class='ocrx_word' id='word_1_103' title='bbox 1550 1733 1746 1793; x_wconf 81' lang='lat' dir='ltr'><strong>quare</strong></span> <span class='ocrx_word' id='word_1_104' title='bbox 1791 1732 1905 1795; x_wconf 70' lang='lat' dir='ltr'><strong>aye</strong></span> <span class='ocrx_word' id='word_1_105' title='bbox 1954 1715 2083 1791; x_wconf 83' lang='lat'><strong>(48,</strong></span> <span class='ocrx_word' id='word_1_106' title='bbox 2138 1714 2229 1791; x_wconf 85' lang='lat'><strong>1);</strong></span> <span class='ocrx_word' id='word_1_107' title='bbox 2294 1720 2502 1773; x_wconf 71' lang='lat' dir='ltr'><strong>nostro</strong></span> <span class='ocrx_word' id='word_1_108' title='bbox 2549 1731 2733 1795; x_wconf 78' lang='lat' dir='ltr'><strong>opere</strong></span> <span class='ocrx_word' id='word_1_109' title='bbox 2782 1710 2985 1788; x_wconf 83' lang='lat' dir='ltr'><strong>(XXI,</strong></span> 
     </span>
     <span class='ocr_line' id='line_1_14' title="bbox 269 1812 2985 1899; baseline -0 -26"><span class='ocrx_word' id='word_1_110' title='bbox 269 1816 467 1893; x_wconf 66' lang='lat'><strong>575);</strong></span> <span class='ocrx_word' id='word_1_111' title='bbox 533 1812 738 1897; x_wconf 69' lang='lat' dir='ltr'><strong>qaude</strong></span> <span class='ocrx_word' id='word_1_112' title='bbox 804 1816 998 1899; x_wconf 57' lang='grc' dir='ltr'><strong>ἐρέττω·</strong></span> <span class='ocrx_word' id='word_1_113' title='bbox 1046 1817 1250 1895; x_wconf 82' lang='grc' dir='ltr'>(ΧΧΙ,</span> <span class='ocrx_word' id='word_1_114' title='bbox 1322 1818 1500 1895; x_wconf 80' lang='grc'>822);</span> <span class='ocrx_word' id='word_1_115' title='bbox 1564 1838 1756 1899; x_wconf 76' lang='lat' dir='ltr'><strong>quare</strong></span> <span class='ocrx_word' id='word_1_116' title='bbox 1802 1816 1987 1899; x_wconf 77' lang='lat' dir='ltr'><strong>inopi</strong></span> <span class='ocrx_word' id='word_1_117' title='bbox 2030 1818 2328 1896; x_wconf 86' lang='lat' dir='ltr'>(XXVII,</span> <span class='ocrx_word' id='word_1_118' title='bbox 2381 1819 2556 1895; x_wconf 81' lang='grc'>198);</span> <span class='ocrx_word' id='word_1_119' title='bbox 2603 1816 2872 1899; x_wconf 60' lang='lat' dir='ltr'><strong>frustra</strong></span> <span class='ocrx_word' id='word_1_120' title='bbox 2916 1812 2985 1873; x_wconf 78' lang='lat' dir='ltr'><strong>in</strong></span> 
     </span>
     <span class='ocr_line' id='line_1_15' title="bbox 264 1920 2987 2003; baseline 0.002 -28"><span class='ocrx_word' id='word_1_121' title='bbox 264 1940 420 1979; x_wconf 69' lang='lat' dir='ltr'><strong>oves</strong></span> <span class='ocrx_word' id='word_1_122' title='bbox 470 1920 676 1997; x_wconf 87' lang='lat' dir='ltr'>(XIX,</span> <span class='ocrx_word' id='word_1_123' title='bbox 727 1925 872 1998; x_wconf 84' lang='grc'>236,</span> <span class='ocrx_word' id='word_1_124' title='bbox 921 1922 1004 1983; x_wconf 79' lang='lat' dir='ltr'><strong>cf.</strong></span> <span class='ocrx_word' id='word_1_125' title='bbox 1053 1940 1117 2002; x_wconf 91' lang='lat' dir='ltr'><strong>p.</strong></span> <span class='ocrx_word' id='word_1_126' title='bbox 1166 1922 1248 1999; x_wconf 87' lang='lat'><strong>5).</strong></span> <span class='ocrx_word' id='word_1_127' title='bbox 1314 1924 1394 1985; x_wconf 93' lang='lat' dir='ltr'><strong>In</strong></span> <span class='ocrx_word' id='word_1_128' title='bbox 1459 1928 1714 2003; x_wconf 87' lang='lat' dir='ltr'><strong>quarta</strong></span> <span class='ocrx_word' id='word_1_129' title='bbox 1762 1942 2043 2002; x_wconf 89' lang='lat' dir='ltr'><strong>quoque</strong></span> <span class='ocrx_word' id='word_1_130' title='bbox 2108 1924 2285 1985; x_wconf 86' lang='lat' dir='ltr'><strong>thesi</strong></span> <span class='ocrx_word' id='word_1_131' title='bbox 2350 1922 2489 1985; x_wconf 91' lang='lat' dir='ltr'><strong>duo</strong></span> <span class='ocrx_word' id='word_1_132' title='bbox 2539 1922 2987 2001; x_wconf 82' lang='lat' dir='ltr'><strong>reperiuntur</strong></span> 
     </span>
     <span class='ocr_line' id='line_1_16' title="bbox 267 2020 2987 2109; baseline -0 -25"><span class='ocrx_word' id='word_1_133' title='bbox 267 2025 579 2103; x_wconf 84' lang='lat' dir='ltr'><strong>spondei</strong></span> <span class='ocrx_word' id='word_1_134' title='bbox 611 2026 764 2088; x_wconf 86' lang='lat' dir='ltr'><strong>elisi</strong></span> <span class='ocrx_word' id='word_1_135' title='bbox 811 2027 880 2087; x_wconf 89' lang='lat' dir='ltr'><strong>in</strong></span> <span class='ocrx_word' id='word_1_136' title='bbox 926 2027 1146 2097; x_wconf 85' lang='lat' dir='ltr'><strong>brevi,</strong></span> <span class='ocrx_word' id='word_1_137' title='bbox 1197 2026 1384 2088; x_wconf 78' lang='lat' dir='ltr'><strong>dieo:</strong></span> <span class='ocrx_word' id='word_1_138' title='bbox 1433 2033 1608 2087; x_wconf 79' lang='lat' dir='ltr'><strong>tactu</strong></span> <span class='ocrx_word' id='word_1_139' title='bbox 1639 2022 1935 2109; x_wconf 77' lang='lat' dir='ltr'><strong>oculoque</strong></span> <span class='ocrx_word' id='word_1_140' title='bbox 1968 2028 2173 2105; x_wconf 87' lang='lat' dir='ltr'>(XXI,</span> <span class='ocrx_word' id='word_1_141' title='bbox 2226 2029 2376 2106; x_wconf 77' lang='lat'>6:27)</span> <span class='ocrx_word' id='word_1_142' title='bbox 2410 2033 2479 2089; x_wconf 87' lang='lat' dir='ltr'><strong>et</strong></span> <span class='ocrx_word' id='word_1_143' title='bbox 2509 2046 2637 2085; x_wconf 68' lang='lat' dir='ltr'><strong>sese</strong></span> <span class='ocrx_word' id='word_1_144' title='bbox 2668 2020 2987 2083; x_wconf 77' lang='lat' dir='ltr'><strong>animalia</strong></span> 
     </span>
     <span class='ocr_line' id='line_1_17' title="bbox 267 2129 2986 2209; baseline 0 -20"><span class='ocrx_word' id='word_1_145' title='bbox 267 2129 551 2205; x_wconf 81' lang='lat' dir='ltr'>(XXXI,</span> <span class='ocrx_word' id='word_1_146' title='bbox 600 2130 774 2209; x_wconf 88' lang='grc'>283).</span> <span class='ocrx_word' id='word_1_147' title='bbox 845 2131 936 2192; x_wconf 86' lang='lat' dir='ltr'><strong>At</strong></span> <span class='ocrx_word' id='word_1_148' title='bbox 981 2130 1109 2192; x_wconf 90' lang='lat' dir='ltr'><strong>has</strong></span> <span class='ocrx_word' id='word_1_149' title='bbox 1155 2132 1469 2194; x_wconf 82' lang='lat' dir='ltr'><strong>licentias</strong></span> <span class='ocrx_word' id='word_1_150' title='bbox 1517 2150 1676 2194; x_wconf 90' lang='lat' dir='ltr'><strong>cum</strong></span> <span class='ocrx_word' id='word_1_151' title='bbox 1723 2134 1813 2194; x_wconf 95' lang='lat' dir='ltr'><strong>ob</strong></span> <span class='ocrx_word' id='word_1_152' title='bbox 1860 2138 2077 2195; x_wconf 87' lang='lat' dir='ltr'><strong>artam</strong></span> <span class='ocrx_word' id='word_1_153' title='bbox 2126 2150 2377 2193; x_wconf 88' lang='lat' dir='ltr'><strong>vocum</strong></span> <span class='ocrx_word' id='word_1_154' title='bbox 2425 2132 2986 2193; x_wconf 88' lang='lat' dir='ltr'><strong>coniunctionem</strong></span> 
     </span>
     <span class='ocr_line' id='line_1_18' title="bbox 268 2232 2986 2317; baseline 0 -24"><span class='ocrx_word' id='word_1_155' title='bbox 268 2240 342 2293; x_wconf 80' lang='lat' dir='ltr'><strong>et</strong></span> <span class='ocrx_word' id='word_1_156' title='bbox 413 2234 936 2296; x_wconf 86' lang='lat' dir='ltr'><strong>similitudinem</strong></span> <span class='ocrx_word' id='word_1_157' title='bbox 1003 2236 1370 2313; x_wconf 81' lang='lat' dir='ltr'><strong>vocalium,</strong></span> <span class='ocrx_word' id='word_1_158' title='bbox 1445 2241 1592 2298; x_wconf 85' lang='lat' dir='ltr'><strong>tum</strong></span> <span class='ocrx_word' id='word_1_159' title='bbox 1659 2236 1748 2298; x_wconf 94' lang='lat' dir='ltr'><strong>ob</strong></span> <span class='ocrx_word' id='word_1_160' title='bbox 1815 2238 2041 2317; x_wconf 89' lang='lat' dir='ltr'><strong>ipsum</strong></span> <span class='ocrx_word' id='word_1_161' title='bbox 2118 2253 2506 2317; x_wconf 85' lang='lat' dir='ltr'><strong>pronomen</strong></span> <span class='ocrx_word' id='word_1_162' title='bbox 2581 2254 2708 2294; x_wconf 74' lang='lat' dir='ltr'><strong>sese</strong></span> <span class='ocrx_word' id='word_1_163' title='bbox 2781 2232 2986 2295; x_wconf 84' lang='lat' dir='ltr'><strong>facile</strong></span> 
     </span>
     <span class='ocr_line' id='line_1_19' title="bbox 265 2337 2982 2417; baseline -0.001 -18"><span class='ocrx_word' id='word_1_164' title='bbox 265 2339 790 2403; x_wconf 80' lang='lat' dir='ltr'><strong>excusabimus,</strong></span> <span class='ocrx_word' id='word_1_165' title='bbox 868 2340 1266 2403; x_wconf 89' lang='lat' dir='ltr'><strong>Lectionem</strong></span> <span class='ocrx_word' id='word_1_166' title='bbox 1331 2346 1560 2404; x_wconf 87' lang='lat' dir='ltr'><strong>autem</strong></span> <span class='ocrx_word' id='word_1_167' title='bbox 1613 2337 1858 2401; x_wconf 70' lang='lat' dir='ltr'><strong>Christe:</strong></span> <span class='ocrx_word' id='word_1_168' title='bbox 1909 2348 1966 2401; x_wconf 80' lang='lat' dir='ltr'><strong>et</strong></span> <span class='ocrx_word' id='word_1_169' title='bbox 2016 2339 2081 2401; x_wconf 85' lang='grc' dir='ltr'><strong>ἰη</strong></span> <span class='ocrx_word' id='word_1_170' title='bbox 2129 2339 2375 2400; x_wconf 76' lang='lat' dir='ltr'><strong>nomine</strong></span> <span class='ocrx_word' id='word_1_171' title='bbox 2444 2339 2781 2417; x_wconf 89' lang='lat' dir='ltr'>(XXVIII,</span> <span class='ocrx_word' id='word_1_172' title='bbox 2836 2337 2982 2414; x_wconf 84' lang='grc'>122)</span> 
     </span>
     <span class='ocr_line' id='line_1_20' title="bbox 265 2442 1904 2526; baseline 0.004 -23"><span class='ocrx_word' id='word_1_173' title='bbox 265 2442 448 2503; x_wconf 89' lang='lat' dir='ltr'><strong>mihi</strong></span> <span class='ocrx_word' id='word_1_174' title='bbox 495 2448 892 2523; x_wconf 87' lang='lat' dir='ltr'><strong>suspectam</strong></span> <span class='ocrx_word' id='word_1_175' title='bbox 937 2462 1090 2507; x_wconf 91' lang='lat' dir='ltr'><strong>esse</strong></span> <span class='ocrx_word' id='word_1_176' title='bbox 1136 2462 1350 2526; x_wconf 89' lang='lat' dir='ltr'><strong>supra</strong></span> <span class='ocrx_word' id='word_1_177' title='bbox 1399 2446 1489 2525; x_wconf 88' lang='lat' dir='ltr'><strong>(p.</strong></span> <span class='ocrx_word' id='word_1_178' title='bbox 1541 2447 1645 2524; x_wconf 89' lang='grc'><strong>13)</strong></span> <span class='ocrx_word' id='word_1_179' title='bbox 1694 2448 1904 2509; x_wconf 90' lang='lat' dir='ltr'><strong>innui.</strong></span> 
     </span>
    </p>

    <p class='ocr_par' dir='ltr' id='par_1_7' title="bbox 265 2547 2986 3043">
     <span class='ocr_line' id='line_1_21' title="bbox 489 2547 2984 2632; baseline -0.001 -23"><span class='ocrx_word' id='word_1_180' title='bbox 489 2549 856 2612; x_wconf 87' lang='lat' dir='ltr'><strong>Praeterea</strong></span> <span class='ocrx_word' id='word_1_181' title='bbox 887 2548 1151 2612; x_wconf 86' lang='lat' dir='ltr'><strong>adferri</strong></span> <span class='ocrx_word' id='word_1_182' title='bbox 1185 2549 1389 2613; x_wconf 89' lang='lat' dir='ltr'><strong>debet</strong></span> <span class='ocrx_word' id='word_1_183' title='bbox 1424 2552 1616 2613; x_wconf 90' lang='lat' dir='ltr'><strong>elisio</strong></span> <span class='ocrx_word' id='word_1_184' title='bbox 1658 2552 2196 2632; x_wconf 84' lang='lat' dir='ltr'><strong>praepositionis</strong></span> <span class='ocrx_word' id='word_1_185' title='bbox 2232 2548 2406 2610; x_wconf 67' lang='lat' dir='ltr'><strong>iutra</strong></span> <span class='ocrx_word' id='word_1_186' title='bbox 2454 2550 2523 2611; x_wconf 90' lang='lat' dir='ltr'><strong>in</strong></span> <span class='ocrx_word' id='word_1_187' title='bbox 2554 2548 2733 2611; x_wconf 90' lang='lat' dir='ltr'><strong>thesi</strong></span> <span class='ocrx_word' id='word_1_188' title='bbox 2767 2547 2984 2609; x_wconf 86' lang='lat' dir='ltr'><strong>altera</strong></span> 
     </span>
     <span class='ocr_line' id='line_1_22' title="bbox 267 2650 2983 2735; baseline -0.001 -22"><span class='ocrx_word' id='word_1_189' title='bbox 267 2672 530 2714; x_wconf 82' lang='lat' dir='ltr'><strong>versus</strong></span> <span class='ocrx_word' id='word_1_190' title='bbox 594 2653 732 2729; x_wconf 89' lang='lat' dir='ltr'><strong>XV,</strong></span> <span class='ocrx_word' id='word_1_191' title='bbox 783 2662 864 2714; x_wconf 84' lang='lat'><strong>90</strong></span> <span class='ocrx_word' id='word_1_192' title='bbox 928 2652 1136 2733; x_wconf 75' lang='lat' dir='ltr'><strong>(intra</strong></span> <span class='ocrx_word' id='word_1_193' title='bbox 1198 2654 1478 2735; x_wconf 78' lang='lat' dir='ltr'><strong>uterum)</strong></span> <span class='ocrx_word' id='word_1_194' title='bbox 1543 2660 1610 2717; x_wconf 86' lang='lat' dir='ltr'><strong>et</strong></span> <span class='ocrx_word' id='word_1_195' title='bbox 1686 2659 1878 2718; x_wconf 90' lang='lat' dir='ltr'><strong>vocis</strong></span> <span class='ocrx_word' id='word_1_196' title='bbox 1942 2650 2227 2714; x_wconf 78' lang='lat' dir='ltr'><strong>sollemni</strong></span> <span class='ocrx_word' id='word_1_197' title='bbox 2289 2656 2358 2715; x_wconf 92' lang='lat' dir='ltr'><strong>in</strong></span> <span class='ocrx_word' id='word_1_198' title='bbox 2405 2671 2615 2715; x_wconf 85' lang='lat' dir='ltr'><strong>versu</strong></span> <span class='ocrx_word' id='word_1_199' title='bbox 2681 2652 2793 2725; x_wconf 90' lang='lat' dir='ltr'><strong>VI,</strong></span> <span class='ocrx_word' id='word_1_200' title='bbox 2862 2656 2983 2712; x_wconf 84' lang='grc'><strong>326</strong></span> 
     </span>
     <span class='ocr_line' id='line_1_23' title="bbox 267 2752 2986 2841; baseline 0 -26"><span class='ocrx_word' id='word_1_201' title='bbox 267 2752 633 2831; x_wconf 55' lang='lat' dir='ltr'><strong>(sollemnii</strong></span> <span class='ocrx_word' id='word_1_202' title='bbox 690 2754 1096 2841; x_wconf 58' lang='lat' dir='ltr'><strong>hominumn).</strong></span> <span class='ocrx_word' id='word_1_203' title='bbox 1188 2759 1323 2821; x_wconf 89' lang='lat' dir='ltr'><strong>Sed</strong></span> <span class='ocrx_word' id='word_1_204' title='bbox 1401 2760 1588 2821; x_wconf 87' lang='lat' dir='ltr'><strong>illam</strong></span> <span class='ocrx_word' id='word_1_205' title='bbox 1663 2767 1955 2840; x_wconf 87' lang='lat' dir='ltr'><strong>propter</strong></span> <span class='ocrx_word' id='word_1_206' title='bbox 2034 2759 2558 2822; x_wconf 85' lang='lat' dir='ltr'><strong>inclinationem</strong></span> <span class='ocrx_word' id='word_1_207' title='bbox 2635 2756 2986 2835; x_wconf 89' lang='lat' dir='ltr'><strong>praeposi-</strong></span> 
     </span>
     <span class='ocr_line' id='line_1_24' title="bbox 265 2858 2983 2945; baseline -0.001 -22"><span class='ocrx_word' id='word_1_208' title='bbox 265 2862 492 2924; x_wconf 82' lang='lat' dir='ltr'><strong>tionis</strong></span> <span class='ocrx_word' id='word_1_209' title='bbox 540 2862 628 2923; x_wconf 89' lang='lat' dir='ltr'><strong>ad</strong></span> <span class='ocrx_word' id='word_1_210' title='bbox 675 2881 878 2924; x_wconf 90' lang='lat' dir='ltr'><strong>suum</strong></span> <span class='ocrx_word' id='word_1_211' title='bbox 925 2858 1198 2941; x_wconf 84' lang='lat' dir='ltr'><strong>nomen,</strong></span> <span class='ocrx_word' id='word_1_212' title='bbox 1245 2864 1418 2926; x_wconf 88' lang='lat' dir='ltr'><strong>hanc</strong></span> <span class='ocrx_word' id='word_1_213' title='bbox 1467 2870 1760 2945; x_wconf 88' lang='lat' dir='ltr'><strong>propter</strong></span> <span class='ocrx_word' id='word_1_214' title='bbox 1836 2882 2197 2927; x_wconf 86' lang='lat' dir='ltr'><strong>caesuram</strong></span> <span class='ocrx_word' id='word_1_215' title='bbox 2276 2862 2796 2926; x_wconf 83' lang='lat' dir='ltr'><strong>antecedentem</strong></span> <span class='ocrx_word' id='word_1_216' title='bbox 2842 2879 2983 2921; x_wconf 90' lang='lat' dir='ltr'><strong>non</strong></span> 
     </span>
     <span class='ocr_line' id='line_1_25' title="bbox 265 2966 963 3043; baseline 0.004 -16"><span class='ocrx_word' id='word_1_217' title='bbox 265 2968 594 3043; x_wconf 81' lang='lat' dir='ltr'><strong>graviter</strong></span> <span class='ocrx_word' id='word_1_218' title='bbox 638 2966 963 3030; x_wconf 81' lang='lat' dir='ltr'><strong>feremus.</strong></span> 
     </span>
    </p>

    <p class='ocr_par' dir='ltr' id='par_1_8' title="bbox 271 3071 2983 3241">
     <span class='ocr_line' id='line_1_26' title="bbox 485 3071 2983 3153; baseline -0.001 -21"><span class='ocrx_word' id='word_1_219' title='bbox 485 3073 630 3133; x_wconf 86' lang='lat' dir='ltr'><strong>Hoc</strong></span> <span class='ocrx_word' id='word_1_220' title='bbox 679 3074 832 3134; x_wconf 90' lang='lat' dir='ltr'><strong>loco</strong></span> <span class='ocrx_word' id='word_1_221' title='bbox 880 3090 1020 3134; x_wconf 90' lang='lat' dir='ltr'><strong>non</strong></span> <span class='ocrx_word' id='word_1_222' title='bbox 1098 3074 1409 3135; x_wconf 87' lang='lat' dir='ltr'><strong>omittam</strong></span> <span class='ocrx_word' id='word_1_223' title='bbox 1485 3075 1772 3136; x_wconf 86' lang='lat' dir='ltr'><strong>verbum</strong></span> <span class='ocrx_word' id='word_1_224' title='bbox 1856 3075 2313 3153; x_wconf 87' lang='lat' dir='ltr'><strong>spondiacum</strong></span> <span class='ocrx_word' id='word_1_225' title='bbox 2379 3071 2485 3133; x_wconf 92' lang='lat' dir='ltr'><strong>bis</strong></span> <span class='ocrx_word' id='word_1_226' title='bbox 2561 3073 2629 3131; x_wconf 87' lang='lat' dir='ltr'><strong>in</strong></span> <span class='ocrx_word' id='word_1_227' title='bbox 2696 3086 2983 3131; x_wconf 84' lang='lat' dir='ltr'><strong>caesura</strong></span> 
     </span>
     <span class='ocr_line' id='line_1_27' title="bbox 271 3176 2319 3241; baseline 0.001 -5"><span class='ocrx_word' id='word_1_228' title='bbox 271 3176 596 3237; x_wconf 85' lang='lat' dir='ltr'><strong>exhiberi</strong></span> <span class='ocrx_word' id='word_1_229' title='bbox 645 3178 1084 3239; x_wconf 86' lang='lat' dir='ltr'><strong>imminutum</strong></span> <span class='ocrx_word' id='word_1_230' title='bbox 1132 3184 1286 3239; x_wconf 86' lang='lat' dir='ltr'><strong>ante</strong></span> <span class='ocrx_word' id='word_1_231' title='bbox 1335 3180 1644 3241; x_wconf 84' lang='lat' dir='ltr'><strong>vocalem</strong></span> <span class='ocrx_word' id='word_1_232' title='bbox 1693 3181 1798 3240; x_wconf 91' lang='lat' dir='ltr'><strong>his</strong></span> <span class='ocrx_word' id='word_1_233' title='bbox 1846 3182 1915 3240; x_wconf 91' lang='lat' dir='ltr'><strong>in</strong></span> <span class='ocrx_word' id='word_1_234' title='bbox 1967 3178 2319 3241; x_wconf 88' lang='lat' dir='ltr'><strong>versibus:</strong></span> 
     </span>
    </p>
   </div>
   <div class='ocr_carea' id='block_1_6' title="bbox 487 3315 2353 3469">
    <p class='ocr_par' dir='ltr' id='par_1_9' title="bbox 487 3315 2353 3469">
     <span class='ocr_line' id='line_1_28' title="bbox 489 3315 2353 3383; baseline 0.002 -20"><span class='ocrx_word' id='word_1_235' title='bbox 489 3316 720 3376; x_wconf 78' lang='lat' dir='ltr'>XXXII,</span> <span class='ocrx_word' id='word_1_236' title='bbox 763 3320 826 3365; x_wconf 89' lang='lat'><strong>13</strong></span> <span class='ocrx_word' id='word_1_237' title='bbox 865 3330 992 3365; x_wconf 87' lang='lat' dir='ltr'><strong>cum</strong></span> <span class='ocrx_word' id='word_1_238' title='bbox 1033 3318 1173 3366; x_wconf 89' lang='lat' dir='ltr'><strong>duce</strong></span> <span class='ocrx_word' id='word_1_239' title='bbox 1211 3318 1312 3379; x_wconf 89' lang='lat' dir='ltr'><strong>qui</strong></span> <span class='ocrx_word' id='word_1_240' title='bbox 1349 3320 1525 3381; x_wconf 89' lang='lat' dir='ltr'><strong>mergi</strong></span> <span class='ocrx_word' id='word_1_241' title='bbox 1551 3315 1569 3383; x_wconf 81' lang='grc' dir='ltr'><strong>ΙΙ</strong></span> <span class='ocrx_word' id='word_1_242' title='bbox 1593 3318 1825 3368; x_wconf 75' lang='lat' dir='ltr'><strong>infestos</strong></span> <span class='ocrx_word' id='word_1_243' title='bbox 1862 3318 2008 3368; x_wconf 83' lang='lat' dir='ltr'><strong>vidit</strong></span> <span class='ocrx_word' id='word_1_244' title='bbox 2042 3322 2353 3381; x_wconf 82' lang='lat' dir='ltr'><strong>equestres;</strong></span> 
     </span>
     <span class='ocr_line' id='line_1_29' title="bbox 487 3402 2238 3469; baseline 0.004 -19"><span class='ocrx_word' id='word_1_245' title='bbox 487 3403 621 3451; x_wconf 88' lang='lat' dir='ltr'><strong>ibid.</strong></span> <span class='ocrx_word' id='word_1_246' title='bbox 663 3406 726 3451; x_wconf 87' lang='lat'><strong>15</strong></span> <span class='ocrx_word' id='word_1_247' title='bbox 768 3404 975 3452; x_wconf 79' lang='lat' dir='ltr'><strong>Manna</strong></span> <span class='ocrx_word' id='word_1_248' title='bbox 1013 3405 1102 3453; x_wconf 89' lang='lat' dir='ltr'><strong>cui</strong></span> <span class='ocrx_word' id='word_1_249' title='bbox 1142 3418 1171 3453; x_wconf 89' lang='lat' dir='ltr'><strong>e</strong></span> <span class='ocrx_word' id='word_1_250' title='bbox 1207 3406 1363 3455; x_wconf 86' lang='lat' dir='ltr'><strong>caelo</strong></span> <span class='ocrx_word' id='word_1_251' title='bbox 1389 3402 1406 3469; x_wconf 82' lang='grc' dir='ltr'><strong>ΙΙ</strong></span> <span class='ocrx_word' id='word_1_252' title='bbox 1432 3412 1484 3455; x_wconf 88' lang='lat' dir='ltr'><strong>et</strong></span> <span class='ocrx_word' id='word_1_253' title='bbox 1521 3406 1645 3455; x_wconf 79' lang='lat' dir='ltr'><strong>tons</strong></span> <span class='ocrx_word' id='word_1_254' title='bbox 1683 3406 1753 3456; x_wconf 90' lang='lat' dir='ltr'><strong>de</strong></span> <span class='ocrx_word' id='word_1_255' title='bbox 1792 3420 1937 3469; x_wconf 84' lang='lat' dir='ltr'><strong>rupe</strong></span> <span class='ocrx_word' id='word_1_256' title='bbox 1976 3406 2238 3457; x_wconf 76' lang='lat' dir='ltr'><strong>cucurrIt.</strong></span> 
     </span>
    </p>
   </div>
   <div class='ocr_carea' id='block_1_7' title="bbox 269 3526 2984 4448">
    <p class='ocr_par' dir='ltr' id='par_1_10' title="bbox 269 3526 2984 4448">
     <span class='ocr_line' id='line_1_30' title="bbox 491 3526 2983 3607; baseline 0 -20"><span class='ocrx_word' id='word_1_257' title='bbox 491 3526 634 3587; x_wconf 89' lang='lat' dir='ltr'><strong>Iam</strong></span> <span class='ocrx_word' id='word_1_258' title='bbox 667 3528 943 3606; x_wconf 88' lang='lat' dir='ltr'><strong>saepius</strong></span> <span class='ocrx_word' id='word_1_259' title='bbox 975 3530 1426 3607; x_wconf 83' lang='lat' dir='ltr'><strong>cognovimus</strong></span> <span class='ocrx_word' id='word_1_260' title='bbox 1463 3530 1825 3591; x_wconf 89' lang='lat' dir='ltr'><strong>Paulinum</strong></span> <span class='ocrx_word' id='word_1_261' title='bbox 1858 3530 2123 3590; x_wconf 88' lang='lat' dir='ltr'><strong>maiore</strong></span> <span class='ocrx_word' id='word_1_262' title='bbox 2154 3546 2307 3590; x_wconf 89' lang='lat' dir='ltr'><strong>cum</strong></span> <span class='ocrx_word' id='word_1_263' title='bbox 2331 3528 2653 3589; x_wconf 83' lang='lat' dir='ltr'><strong>libertate</strong></span> <span class='ocrx_word' id='word_1_264' title='bbox 2675 3529 2983 3587; x_wconf 89' lang='lat' dir='ltr'><strong>carmina</strong></span> 
     </span>
     <span class='ocr_line' id='line_1_31' title="bbox 272 3630 2981 3713; baseline 0.001 -24"><span class='ocrx_word' id='word_1_265' title='bbox 272 3630 572 3691; x_wconf 85' lang='lat' dir='ltr'><strong>iambica</strong></span> <span class='ocrx_word' id='word_1_266' title='bbox 619 3631 936 3693; x_wconf 89' lang='lat' dir='ltr'><strong>condere.</strong></span> <span class='ocrx_word' id='word_1_267' title='bbox 995 3632 1254 3694; x_wconf 88' lang='lat' dir='ltr'><strong>Eadem</strong></span> <span class='ocrx_word' id='word_1_268' title='bbox 1305 3631 1850 3713; x_wconf 83' lang='lat' dir='ltr'><strong>deprehenditur</strong></span> <span class='ocrx_word' id='word_1_269' title='bbox 1906 3636 1973 3696; x_wconf 93' lang='lat' dir='ltr'><strong>in</strong></span> <span class='ocrx_word' id='word_1_270' title='bbox 2022 3633 2556 3713; x_wconf 86' lang='lat' dir='ltr'><strong>spondiacorum</strong></span> <span class='ocrx_word' id='word_1_271' title='bbox 2602 3630 2981 3693; x_wconf 86' lang='lat' dir='ltr'><strong>verborum</strong></span> 
     </span>
     <span class='ocr_line' id='line_1_32' title="bbox 271 3735 2978 3814; baseline 0.003 -21"><span class='ocrx_word' id='word_1_272' title='bbox 271 3735 724 3814; x_wconf 79' lang='lat' dir='ltr'><strong>synaloephe.</strong></span> <span class='ocrx_word' id='word_1_273' title='bbox 760 3736 1012 3799; x_wconf 87' lang='lat' dir='ltr'><strong>Tribus</strong></span> <span class='ocrx_word' id='word_1_274' title='bbox 1045 3740 1225 3798; x_wconf 91' lang='lat' dir='ltr'><strong>enim</strong></span> <span class='ocrx_word' id='word_1_275' title='bbox 1250 3740 1419 3800; x_wconf 88' lang='lat' dir='ltr'><strong>locis</strong></span> <span class='ocrx_word' id='word_1_276' title='bbox 1447 3739 1747 3801; x_wconf 85' lang='lat' dir='ltr'><strong>trimetri</strong></span> <span class='ocrx_word' id='word_1_277' title='bbox 1779 3737 2057 3801; x_wconf 83' lang='lat' dir='ltr'><strong>iambici</strong></span> <span class='ocrx_word' id='word_1_278' title='bbox 2092 3740 2161 3799; x_wconf 94' lang='lat' dir='ltr'><strong>in</strong></span> <span class='ocrx_word' id='word_1_279' title='bbox 2194 3737 2359 3799; x_wconf 89' lang='lat' dir='ltr'><strong>sede</strong></span> <span class='ocrx_word' id='word_1_280' title='bbox 2392 3737 2715 3811; x_wconf 88' lang='lat' dir='ltr'><strong>secunda,</strong></span> <span class='ocrx_word' id='word_1_281' title='bbox 2753 3738 2978 3803; x_wconf 83' lang='lat' dir='ltr'><strong>tertia,</strong></span> 
     </span>
     <span class='ocr_line' id='line_1_33' title="bbox 271 3840 2984 3923; baseline 0.001 -25"><span class='ocrx_word' id='word_1_282' title='bbox 271 3840 526 3916; x_wconf 85' lang='lat' dir='ltr'><strong>quinta</strong></span> <span class='ocrx_word' id='word_1_283' title='bbox 576 3858 784 3902; x_wconf 87' lang='lat' dir='ltr'><strong>voces</strong></span> <span class='ocrx_word' id='word_1_284' title='bbox 831 3842 1250 3920; x_wconf 88' lang='lat' dir='ltr'><strong>spondiacas</strong></span> <span class='ocrx_word' id='word_1_285' title='bbox 1299 3862 1452 3905; x_wconf 88' lang='lat' dir='ltr'><strong>cum</strong></span> <span class='ocrx_word' id='word_1_286' title='bbox 1505 3852 1839 3923; x_wconf 86' lang='lat' dir='ltr'><strong>sequente</strong></span> <span class='ocrx_word' id='word_1_287' title='bbox 1889 3844 2081 3906; x_wconf 88' lang='lat' dir='ltr'><strong>brevi</strong></span> <span class='ocrx_word' id='word_1_288' title='bbox 2129 3844 2514 3905; x_wconf 84' lang='lat' dir='ltr'><strong>coalescere</strong></span> <span class='ocrx_word' id='word_1_289' title='bbox 2578 3860 2828 3921; x_wconf 86' lang='lat' dir='ltr'><strong>passus</strong></span> <span class='ocrx_word' id='word_1_290' title='bbox 2876 3850 2984 3903; x_wconf 89' lang='lat' dir='ltr'><strong>est</strong></span> 
     </span>
     <span class='ocr_line' id='line_1_34' title="bbox 273 3944 2977 4023; baseline 0.001 -19"><span class='ocrx_word' id='word_1_291' title='bbox 273 3950 364 4017; x_wconf 83' lang='lat' dir='ltr'><strong>et,</strong></span> <span class='ocrx_word' id='word_1_292' title='bbox 431 3944 594 4007; x_wconf 87' lang='lat' dir='ltr'><strong>licet</strong></span> <span class='ocrx_word' id='word_1_293' title='bbox 639 3964 972 4009; x_wconf 88' lang='lat' dir='ltr'><strong>versuum</strong></span> <span class='ocrx_word' id='word_1_294' title='bbox 1019 3966 1353 4010; x_wconf 90' lang='lat' dir='ltr'><strong>numerus</strong></span> <span class='ocrx_word' id='word_1_295' title='bbox 1401 3950 1620 4010; x_wconf 87' lang='lat' dir='ltr'><strong>multo</strong></span> <span class='ocrx_word' id='word_1_296' title='bbox 1669 3951 1899 4011; x_wconf 89' lang='lat' dir='ltr'><strong>minor</strong></span> <span class='ocrx_word' id='word_1_297' title='bbox 1947 3952 2053 4023; x_wconf 89' lang='lat' dir='ltr'><strong>sit,</strong></span> <span class='ocrx_word' id='word_1_298' title='bbox 2120 3956 2353 4009; x_wconf 88' lang='lat' dir='ltr'><strong>tamen</strong></span> <span class='ocrx_word' id='word_1_299' title='bbox 2420 3951 2523 4008; x_wconf 88' lang='lat' dir='ltr'><strong>tot</strong></span> <span class='ocrx_word' id='word_1_300' title='bbox 2568 3946 2717 4009; x_wconf 82' lang='lat' dir='ltr'><strong>fere</strong></span> <span class='ocrx_word' id='word_1_301' title='bbox 2765 3946 2977 4008; x_wconf 82' lang='lat' dir='ltr'><strong>verba</strong></span> 
     </span>
     <span class='ocr_line' id='line_1_35' title="bbox 269 4049 2980 4133; baseline 0.001 -24"><span class='ocrx_word' id='word_1_302' title='bbox 269 4049 660 4128; x_wconf 86' lang='lat' dir='ltr'><strong>spondiaca</strong></span> <span class='ocrx_word' id='word_1_303' title='bbox 703 4052 969 4114; x_wconf 85' lang='lat' dir='ltr'><strong>minuta</strong></span> <span class='ocrx_word' id='word_1_304' title='bbox 1016 4060 1295 4115; x_wconf 87' lang='lat' dir='ltr'><strong>exstant</strong></span> <span class='ocrx_word' id='word_1_305' title='bbox 1343 4056 1410 4115; x_wconf 92' lang='lat' dir='ltr'><strong>in</strong></span> <span class='ocrx_word' id='word_1_306' title='bbox 1457 4054 1725 4127; x_wconf 86' lang='lat' dir='ltr'><strong>iambis,</strong></span> <span class='ocrx_word' id='word_1_307' title='bbox 1776 4062 1949 4133; x_wconf 86' lang='lat' dir='ltr'><strong>quot</strong></span> <span class='ocrx_word' id='word_1_308' title='bbox 1998 4055 2069 4114; x_wconf 92' lang='lat' dir='ltr'><strong>in</strong></span> <span class='ocrx_word' id='word_1_309' title='bbox 2118 4054 2557 4115; x_wconf 86' lang='lat' dir='ltr'><strong>hexametris.</strong></span> <span class='ocrx_word' id='word_1_310' title='bbox 2606 4051 2980 4113; x_wconf 90' lang='lat' dir='ltr'><strong>Eliduntur</strong></span> 
     </span>
     <span class='ocr_line' id='line_1_36' title="bbox 271 4152 2980 4235; baseline -0.001 -20"><span class='ocrx_word' id='word_1_311' title='bbox 271 4155 464 4215; x_wconf 82' lang='lat' dir='ltr'><strong>enim</strong></span> <span class='ocrx_word' id='word_1_312' title='bbox 511 4156 580 4215; x_wconf 87' lang='lat' dir='ltr'><strong>in</strong></span> <span class='ocrx_word' id='word_1_313' title='bbox 629 4156 898 4233; x_wconf 84' lang='lat' dir='ltr'><strong>syllaba</strong></span> <span class='ocrx_word' id='word_1_314' title='bbox 948 4158 1147 4219; x_wconf 83' lang='lat' dir='ltr'><strong>brevi</strong></span> <span class='ocrx_word' id='word_1_315' title='bbox 1193 4161 1428 4221; x_wconf 82' lang='lat' dir='ltr'><strong>tertia:</strong></span> <span class='ocrx_word' id='word_1_316' title='bbox 1481 4158 1630 4217; x_wconf 69' lang='lat' dir='ltr'><strong>nemi</strong></span> <span class='ocrx_word' id='word_1_317' title='bbox 1672 4155 1758 4218; x_wconf 74' lang='lat' dir='ltr'><strong>ad</strong></span> <span class='ocrx_word' id='word_1_318' title='bbox 1807 4154 2066 4219; x_wconf 75' lang='lat' dir='ltr'><strong>invicem</strong></span> <span class='ocrx_word' id='word_1_319' title='bbox 2121 4158 2382 4235; x_wconf 90' lang='lat' dir='ltr'>(XXIV,</span> <span class='ocrx_word' id='word_1_320' title='bbox 2440 4158 2569 4235; x_wconf 87' lang='lat'>13);</span> <span class='ocrx_word' id='word_1_321' title='bbox 2632 4152 2879 4215; x_wconf 75' lang='lat' dir='ltr'><strong>Christo</strong></span> <span class='ocrx_word' id='word_1_322' title='bbox 2924 4162 2980 4213; x_wconf 77' lang='lat' dir='ltr'><strong>et</strong></span> 
     </span>
     <span class='ocr_line' id='line_1_37' title="bbox 276 4253 2976 4343; baseline 0.001 -24"><span class='ocrx_word' id='word_1_323' title='bbox 276 4253 406 4315; x_wconf 69' lang='lat' dir='ltr'><strong>illis</strong></span> <span class='ocrx_word' id='word_1_324' title='bbox 473 4259 742 4335; x_wconf 84' lang='lat' dir='ltr'><strong>(XXIV,</strong></span> <span class='ocrx_word' id='word_1_325' title='bbox 808 4264 994 4341; x_wconf 78' lang='lat'><strong>522);</strong></span> <span class='ocrx_word' id='word_1_326' title='bbox 1075 4264 1144 4323; x_wconf 88' lang='lat' dir='ltr'><strong>in</strong></span> <span class='ocrx_word' id='word_1_327' title='bbox 1214 4262 1414 4325; x_wconf 81' lang='lat' dir='ltr'><strong>brevi</strong></span> <span class='ocrx_word' id='word_1_328' title='bbox 1479 4266 1755 4343; x_wconf 85' lang='lat' dir='ltr'><strong>quinta:</strong></span> <span class='ocrx_word' id='word_1_329' title='bbox 1838 4260 1966 4322; x_wconf 80' lang='lat' dir='ltr'><strong>alto</strong></span> <span class='ocrx_word' id='word_1_330' title='bbox 2014 4263 2079 4322; x_wconf 78' lang='lat' dir='ltr'><strong>iu</strong></span> <span class='ocrx_word' id='word_1_331' title='bbox 2126 4259 2425 4323; x_wconf 77' lang='lat' dir='ltr'><strong>Abrahae</strong></span> <span class='ocrx_word' id='word_1_332' title='bbox 2476 4262 2739 4339; x_wconf 87' lang='lat' dir='ltr'>(XXIV,</span> <span class='ocrx_word' id='word_1_333' title='bbox 2806 4261 2976 4337; x_wconf 76' lang='lat'>491).</span> 
     </span>
     <span class='ocr_line' id='line_1_38' title="bbox 273 4360 2979 4448; baseline 0 -25"><span class='ocrx_word' id='word_1_334' title='bbox 273 4360 510 4432; x_wconf 90' lang='lat' dir='ltr'><strong>Quare</strong></span> <span class='ocrx_word' id='word_1_335' title='bbox 559 4382 695 4425; x_wconf 90' lang='lat' dir='ltr'><strong>non</strong></span> <span class='ocrx_word' id='word_1_336' title='bbox 742 4365 831 4427; x_wconf 94' lang='lat' dir='ltr'><strong>ob</strong></span> <span class='ocrx_word' id='word_1_337' title='bbox 875 4366 1179 4429; x_wconf 83' lang='lat' dir='ltr'><strong>taedium</strong></span> <span class='ocrx_word' id='word_1_338' title='bbox 1214 4368 1574 4430; x_wconf 89' lang='lat' dir='ltr'><strong>elidendae</strong></span> <span class='ocrx_word' id='word_1_339' title='bbox 1607 4371 1801 4430; x_wconf 90' lang='lat' dir='ltr'><strong>vocis</strong></span> <span class='ocrx_word' id='word_1_340' title='bbox 1834 4368 2273 4448; x_wconf 88' lang='lat' dir='ltr'><strong>spondiacae‚</strong></span> <span class='ocrx_word' id='word_1_341' title='bbox 2322 4368 2444 4429; x_wconf 90' lang='lat' dir='ltr'><strong>sed</strong></span> <span class='ocrx_word' id='word_1_342' title='bbox 2477 4367 2566 4427; x_wconf 92' lang='lat' dir='ltr'><strong>ob</strong></span> <span class='ocrx_word' id='word_1_343' title='bbox 2600 4365 2979 4428; x_wconf 85' lang='lat' dir='ltr'><strong>verborum</strong></span> 
     </span>
    </p>
   </div>
   <div class='ocr_carea' id='block_1_8' title="bbox 273 4470 2978 4655">
    <p class='ocr_par' dir='ltr' id='par_1_11' title="bbox 273 4470 2978 4655">
     <span class='ocr_line' id='line_1_39' title="bbox 273 4470 2978 4550; baseline 0 -21"><span class='ocrx_word' id='word_1_344' title='bbox 273 4470 788 4546; x_wconf 88' lang='lat' dir='ltr'><strong>oppositionem</strong></span> <span class='ocrx_word' id='word_1_345' title='bbox 864 4477 932 4531; x_wconf 86' lang='lat' dir='ltr'><strong>et</strong></span> <span class='ocrx_word' id='word_1_346' title='bbox 1005 4474 1567 4550; x_wconf 88' lang='lat' dir='ltr'><strong>paronomasiam</strong></span> <span class='ocrx_word' id='word_1_347' title='bbox 1643 4474 1960 4535; x_wconf 83' lang='lat' dir='ltr'><strong>excusari</strong></span> <span class='ocrx_word' id='word_1_348' title='bbox 2035 4472 2296 4535; x_wconf 88' lang='lat' dir='ltr'><strong>hiatum</strong></span> <span class='ocrx_word' id='word_1_349' title='bbox 2388 4472 2520 4533; x_wconf 88' lang='lat' dir='ltr'><strong>hoc</strong></span> <span class='ocrx_word' id='word_1_350' title='bbox 2610 4472 2678 4532; x_wconf 92' lang='lat' dir='ltr'><strong>in</strong></span> <span class='ocrx_word' id='word_1_351' title='bbox 2770 4488 2978 4530; x_wconf 87' lang='lat' dir='ltr'><strong>versu</strong></span> 
     </span>
     <span class='ocr_line' id='line_1_40' title="bbox 276 4572 1000 4655; baseline 0.004 -22"><span class='ocrx_word' id='word_1_352' title='bbox 276 4572 545 4649; x_wconf 87' lang='lat' dir='ltr'><strong>(XXIV,</strong></span> <span class='ocrx_word' id='word_1_353' title='bbox 595 4574 750 4653; x_wconf 89' lang='grc'>222)</span> <span class='ocrx_word' id='word_1_354' title='bbox 795 4579 1000 4655; x_wconf 86' lang='lat' dir='ltr'><strong>puto:</strong></span> 
     </span>
    </p>
   </div>
   <div class='ocr_carea' id='block_1_9' title="bbox 1247 4665 1971 4728">
    <p class='ocr_par' dir='ltr' id='par_1_12' title="bbox 1247 4665 1971 4728">
     <span class='ocr_line' id='line_1_41' title="bbox 1247 4665 1971 4728; baseline 0.004 -15"><span class='ocrx_word' id='word_1_355' title='bbox 1247 4665 1374 4714; x_wconf 85' lang='lat' dir='ltr'><strong>exul</strong></span> <span class='ocrx_word' id='word_1_356' title='bbox 1411 4665 1535 4727; x_wconf 81' lang='lat' dir='ltr'><strong>soli,</strong></span> <span class='ocrx_word' id='word_1_357' title='bbox 1571 4666 1776 4727; x_wconf 83' lang='lat' dir='ltr'><strong>hospes</strong></span> <span class='ocrx_word' id='word_1_358' title='bbox 1810 4667 1917 4715; x_wconf 89' lang='lat' dir='ltr'><strong>sali</strong></span> <span class='ocrx_word' id='word_1_359' title='bbox 1934 4666 1971 4728; x_wconf 91' lang='lat'><strong>¹)</strong></span> 
     </span>
    </p>
   </div>
   <div class='ocr_carea' id='block_1_10' title="bbox 278 4730 582 4737">
    <p class='ocr_par' dir='ltr' id='par_1_13' title="bbox 278 4730 582 4737">
     <span class='ocr_line' id='line_1_42' title="bbox 278 4730 582 4737; baseline 0 372"><span class='ocrx_word' id='word_1_360' title='bbox 278 4730 582 4737; x_wconf 95' lang='lat' dir='ltr'><strong> </strong></span> 
     </span>
    </p>
   </div>
   <div class='ocr_carea' id='block_1_11' title="bbox 485 4816 1104 4885">
    <p class='ocr_par' dir='ltr' id='par_1_14' title="bbox 485 4816 1104 4885">
     <span class='ocr_line' id='line_1_43' title="bbox 485 4816 1104 4885; baseline 0.011 -18"><span class='ocrx_word' id='word_1_361' title='bbox 485 4816 524 4885; x_wconf 82' lang='lat'><strong>¹)</strong></span> <span class='ocrx_word' id='word_1_362' title='bbox 565 4819 654 4869; x_wconf 64' lang='lat' dir='ltr'><strong>ct:</strong></span> <span class='ocrx_word' id='word_1_363' title='bbox 675 4820 894 4871; x_wconf 81' lang='lat' dir='ltr'><strong>Hartel.</strong></span> <span class='ocrx_word' id='word_1_364' title='bbox 932 4836 986 4885; x_wconf 89' lang='lat' dir='ltr'><strong>p.</strong></span> <span class='ocrx_word' id='word_1_365' title='bbox 1020 4825 1104 4874; x_wconf 81' lang='lat'><strong>25.</strong></span> 
     </span>
    </p>
   </div>
  </div>
 </body>
</html>
