3567 5109
1426 279 1871 342 ..Π-

277 492 495 551 tutum
540 506 681 551 esse
731 485 971 551 debere
1016 509 1095 551 ac
1139 488 1423 569 primum
1472 487 1737 571 quidem
1784 508 1853 552 se
1899 489 2117 571 ipsum
2154 510 2426 553 noscere
2471 491 2511 553 i.
2550 512 2603 553 e.
2645 489 3008 555 modestum

278 594 645 679 (σώφρονα)
698 616 857 658 6666.
942 592 1189 677 Qui.se
1234 595 1455 676 ipsum
1499 595 1774 674 noverit,
1833 617 1988 660 eum
2029 616 2245 679 neque
2291 597 2618 679 ignorare,
2670 620 2840 680 quae
2887 620 3009 661 sua

278 700 487 782 ipsius
535 707 601 767 et
648 723 816 785 quae
864 700 1143 765 aliorum
1190 700 1349 779 sint,
1396 702 1721 786 simulque
1768 702 1840 766 εὗ
1877 706 2164 785 πράττειν
2211 704 2458 786 itaque,
2509 726 2656 767 611111
2703 705 3006 768 virtutem

278 805 541 886 habeat,
584 808 853 872 beatum
898 829 1059 872 esse.
1136 807 1273 873 Sed
1318 830 1468 873 611111
1514 808 1887 873 civitatibus
1933 808 2101 873 nihil
2149 810 2320 873 desit
2367 818 2630 893 praeter
2676 810 3002 889 virtutem,

276 913 453 980 116116
494 913 833 978 Alcibiadi
880 936 1027 978 611111
1074 915 1321 980 civibus
1370 916 1986 981 communicandam
2031 937 2190 981 esse.
2259 916 2408 1000 Qua
2456 939 2606 981 cum
2649 918 2791 999 ipse
2839 939 3005 983 non-

278 1020 435 1084 dum
498 1022 839 1104 praeditus
903 1022 1008 1100 sit,
1076 1044 1221 1087 eam
1284 1023 1414 1104 ipsi
1477 1024 1660 1105 prius
1726 1023 2244 1105 comparandam
2308 1045 2448 1087 esse
2515 1024 2804 1107 dumque
2867 1045 3004 1089 non

274 1126 539 1207 habeat,
584 1128 817 1192 melius
864 1150 1006 1192 esse
1054 1130 1193 1212 regi
1242 1150 1437 1212 quam
1485 1150 1729 1211 regere.
1778 1128 1966 1212 Quae
2007 1131 2064 1194 si
2101 1137 2274 1195 recte
2316 1131 2692 1207 dixerimuS,
2733 1129 3002 1193 dubium

276 1255 419 1299 esse
464 1256 599 1300 non
645 1235 909 1317 poterit,
960 1235 1123 1318 quid
1168 1237 1449 1318 scriptor
1494 1236 1620 1300 1106
1668 1236 1932 1319 dialogo
1981 1236 2434 1303 demonstrare
2481 1237 2775 1302 voluerit.
2835 1236 3002 1303 Cum

275 1343 563 1422 exordiO,
628 1342 745 1407 ubi
792 1342 1279 1409 adulescentem
1327 1343 1413 1409 ad
1451 1365 1590 1408 rem
1636 1344 1969 1427 publicam
2017 1344 2490 1427 capessendam
2547 1350 2886 1427 tamquam
2933 1366 3022 1407 se-

274 1450 820 1533 praecipitantem
858 1451 1173 1531 videmus,
1213 1457 1353 1515 tum
1391 1450 1832 1529 conclusione,
1869 1450 1985 1515 ubi
2024 1448 2409 1515 Alcibiades
2445 1451 2578 1515 iam
2617 1473 3002 1534 persuasum

274 1556 475 1622 habet
520 1579 591 1621 se
636 1558 962 1636 virtutem,
1030 1558 1171 1622 sine
1219 1580 1350 1641 (1116
1397 1556 1577 1623 661116
1624 1557 1860 1621 civium
1909 1558 2187 1639 cogitari
2233 1579 2370 1623 non
2418 1559 2646 1640 possit,
2703 1557 3018 1623 nondum·

273 1664 517 1730 habere
546 1672 611 1729 et
640 1666 967 1747 promittit
991 1686 1059 1729 66
1091 1663 1385 1729 Socratis
1416 1664 1763 1747 disciplina
1799 1664 2296 1747 diligentissime
2335 1685 2605 1727 usurum
2636 1685 2797 1742 esse,
2839 1665 3000 1728 satis

274 1772 763 1836 demonstratur
806 1794 1125 1835 summam
1175 1771 1642 1853 disputationis
1680 1792 1824 1835 6666
1863 1771 2034 1835 116116
2082 1793 2140 1853 p.
2174 1770 2405 1836 13213:
2455 1772 2628 1835 23⁶0..-
2671 1771 2998 1852 Γύμνασαι

270 1886 545 1962 πρῶτον,
574 1878 633 1943 ὦ
659 1882 952 1962 μακάριε,
989 1880 1097 1943 καὶ
1131 1881 1307 1961 μάθε
1335 1881 1375 1941 ἃ
1406 1881 1505 1941 δεῖ
1523 1880 1820 1961 μαθόντα
1849 1881 2003 1942 ἰέναι
2032 1880 2131 1942 ἐπὶ
2157 1878 2231 1941 τὰ
2259 1884 2370 1960 τῆς
2396 1878 2662 1951 πόλεως,
2690 1880 2998 1959 πρότερον

274 1986 343 2049 δὲ
385 1988 499 2070 μή,
540 1986 647 2049 ἰ’να
696 1988 1181 2068 ἀλεξιφάρμακα
1230 1988 1399 2067 ἔχων
1445 1988 1542 2067 ἴῃς
1587 1987 1693 2049 καὶ
1737 1986 1942 2067 μηδὲν
1986 1986 2206 2068 πάθῃς
2253 1985 2471 2049 δεινόν.
2532 1985 2690 2047 Ἂλ..·
2739 1984 2839 2047 Εὖ
2885 2010 3010 2066 μοι·

272 2094 479 2163 δοκεῖς
515 2094 728 2174 λέγειν,
764 2092 823 2156 ὦ
859 2093 1219 2175 Σώκρατες.
1277 2089 1463 2173 Quae
1495 2089 1831 2155 Alcibiadi
1881 2092 2092 2173 prima
2131 2090 2445 2154 discenda
2492 2090 2641 2168 sint,
2690 2090 2995 2155 Socrates

272 2198 469 2280 paulo
525 2205 677 2281 post
723 2198 1013 2280 expedit:
1076 2201 1203 2263 134
1228 2196 1310 2263 C:
1359 2199 1533 2262 Σω..·
1582 2199 1778 2280 Αὐτῷ
1825 2201 1950 2279 ἄρα
1999 2200 2096 2262 σοὶ
2141 2204 2400 2279 πρῶτον
2445 2201 2702 2281 κτητέον
2751 2200 2995 2281 ἀρετήν,

266 2307 375 2369 καὶ
410 2308 586 2389 ἄλλῳ
623 2310 696 2377 ὃς
728 2307 938 2389 μέλλει
982 2308 1072 2388 μὴ
1122 2306 1249 2388 ἰδίᾳ
1294 2307 1501 2387 μόνον
1536 2308 1731 2370 αὑτοῦ
1777 2330 1841 2369 τε
1887 2307 1994 2369 καὶ
2038 2312 2166 2369 τῶν
2213 2308 2409 2371 αὑτοῦ
2457 2308 2666 2387 ἄρξειν
2712 2307 2818 2369 καὶ
2865 2307 2994 2367 ἐπι-

266 2414 668 2496 μελήσεσθαι,
707 2414 861 2477 ἀλλὰ
899 2414 1149 2482 πόλεως
1184 2414 1291 2475 καὶ
1324 2419 1455 2475 τῶν
1482 2420 1591 2495 τῆς
1617 2413 1883 2483 πόλεως.
1924 2413 2082 2475 Ἀλ..·
2115 2412 2356 2494 Ἀληθῆ
2386 2412 2592 2493 λέγεις.
2640 2412 2814 2475 Em:
2855 2412 2993 2475 Οὔκ

267 2522 392 2602 ἄρα
440 2522 729 2593 ἐξουσίαν
775 2544 873 2583 σοι
919 2520 1059 2583 οὐδ’
1112 2519 1316 2601 ἀρχὴν
1360 2520 1913 2599 παρασκευαστέον
1961 2525 2176 2599 σαυτῷ
2221 2525 2418 2581 ποιεῖν
2465 2520 2506 2581 ὅ
2548 2544 2601 2582 τι
2646 2522 2726 2582 ἂν
2771 2519 2992 2601 βούλῃ,

266 2628 420 2691 οὐδὲ
471 2636 545 2710 τῇ
600 2629 793 2699 πόλει,
850 2626 1007 2689 ἀλλὰ
1065 2627 1468 2708 δικαιοσύνην
1525 2627 1633 2689 καὶ
1688 2628 2133 2708 σωφροσύνην.
2230 2622 2356 2707 Qui
2424 2625 2608 2688 locus
2675 2625 2992 2705 imprimis

264 2739 459 2817 aptus
496 2754 639 2797 esse
678 2734 950 2811 videtur,
997 2753 1126 2816 quo
1167 2732 1493 2795 sententia
1538 2738 1767 2795 nostra
1809 2730 2287 2813 comprobetur,
2335 2752 2482 2793 cum
2530 2732 2813 2812 scriptor
2857 2752 2990 2794 nou

264 2842 345 2905 de
384 2840 735 2905 Alcibiade
785 2839 926 2904 solo
974 2839 1172 2903 verba
1218 2838 1443 2916 faciat,
1490 2838 1606 2901 sed
1652 2839 1720 2901 in
1764 2838 2142 2901 universum
2191 2838 2370 2901 dicat
2416 2838 2614 2905 etiam
2663 2838 2809 2902 aliis
2859 2840 2992 2920 (καὶ

262 2949 438 3031 ἄλλῳ
486 2952 557 3018 ὃς
595 3000 607 3011 .
649 2949 689 3031 .)
736 2946 957 3009 virtuti
1005 2966 1147 3010 esse
1196 2944 1613 3023 studendum,
1660 2946 1772 3027 qui
1820 2944 1906 3007 ad
1953 2966 2090 3007 rem
2136 2944 2468 3025 publicam
2511 2966 2579 3007 se
2619 2944 2986 3027 accingant.

262 3054 397 3119 Sed
444 3075 576 3118 non
625 3053 835 3117 solum
884 3052 984 3115 his
1032 3052 1215 3129 10616,
1261 3052 1377 3115 66(1
1422 3073 1540 3133 per
1586 3058 1800 3115 totum
1848 3050 2181 3131 dialogum
2219 3050 2324 3115 hic
2362 3050 2510 3115 finis
2550 3051 2854 3133 scriptori
2905 3051 2987 3113 ob

262 3162 488 3226 oculos
527 3169 628 3226 est
666 3166 978 3224 versatus.
1029 3158 1225 3224 Conf.
1267 3158 1755 3224 acerbissimam
1793 3157 1978 3221 illam
2014 3158 2403 3235 irrisionem,
2442 3179 2640 3239 quam
2679 3156 2986 3225 Socrates

259 3268 515 3350 profert
559 3290 623 3351 p.
672 3265 874 3331 120A
922 3287 1136 3348 seqq.:
1196 3318 1208 3331 .
1248 3318 1263 3329 .
1302 3317 1315 3329 .
1353 3266 1515 3349 πρὸς
1570 3266 1843 3329 ΛΙειδίαν
1897 3290 1966 3329 σε
2025 3266 2123 3327 δεῖ
2169 3266 2276 3328 τὸν
2332 3265 2769 3347 ὀρτυγοκόπον
2825 3267 2984 3327 ἀπο-

254 3377 505 3458 βλέπειν
558 3376 665 3439 καὶ
721 3376 950 3444 ἄλλους
1002 3376 1340 3445 τοιούτους,
1396 3377 1464 3435 οἳ
1508 3374 1583 3435 τὰ
1630 3380 1738 3455 τῆς
1783 3372 2034 3442 πόλεως
2078 3373 2364 3453 πράττειν
2419 3373 2847 3454 ἐπιχειροῦσιν,
2905 3374 2987 3435 ἔτι

254 3485 369 3566 τὴν
423 3484 917 3565 ἀνδραποδώδη,
984 3489 1168 3564 φαῖεν
1224 3484 1303 3546 ἂν
1358 3483 1423 3543 αῖ
1478 3487 1784 3561 γυναῖκες,
1849 3481 2026 3561 τρίχα
2084 3480 2331 3560 ἔχοντες
2386 3480 2452 3541 ἓν
2507 3486 2582 3561 τῇ
2642 3486 2823 3562 ψυχῇ
2879 3481 2981 3541 ὑπ’

256 3592 567 3672 ἀμουσίας
622 3590 727 3652 καὶ
782 3590 969 3651 οὔπω
1026 3588 1546 3670 ἀποβεβληκότες,
1603 3587 1813 3651 ἔτιδὲ
1865 3587 2352 3668 βαρβαρίζοντες
2409 3585 2748 3668 ἐληλύθασι
2794 3587 2985 3648 κολα-

253 3698 581 3767 κεύσοντες
625 3699 737 3779 τὴν
781 3697 983 3768 πόλιν,
1034 3696 1167 3757 ἀλλ’
1211 3696 1331 3757 οὐκ
1380 3695 1688 3776 ἄρξοντες.
1736 3692 1899 3774 πρὸς
1945 3694 2203 3761 τούτους
2249 3717 2319 3755 σε
2367 3694 2475 3765 δεῖ,
2524 3694 2760 3775 οὕσπερ
2797 3693 2983 3773 λέγω,

252 3806 561 3886 βλέποντα
600 3810 833 3867 σαυτοῦ
874 3804 953 3885 δὴ
994 3802 1261 3885 ἀμελεῖν,
1306 3802 1414 3864 καὶ
1447 3802 1605 3883 μήτε
1641 3800 1996 3881 μανθάνειν
2035 3801 2153 3863 ὅσα
2191 3801 2543 3881 μαθήσεως
2580 3802 2796 3881 ἔχεται,
2830 3800 2981 3880 μέλ-

252 3912 437 3975 λοντα
465 3918 763 3974 τοσοῦτον
792 3911 1011 3991 ἀγῶνα
1042 3909 1480 3990 ἀγωνίζεσθαι,
1508 3908 1647 3989 μήτ’
1673 3908 1886 3969 ἀσκεῖν
1905 3907 2023 3969 ὅσα
2047 3907 2232 3969 δεῖται
2261 3908 2610 3989 ἀσκήσεως,
2639 3908 2745 3969 καὶ
2772 3912 2985 3967 πᾶσαν

251 4017 663 4100 παρασκευὴν
706 4016 1301 4097 παρεσκευασμένον
1349 4016 1553 4083 οὕτως
1598 4015 1750 4076 ἰέναι
1799 4014 1898 4075 ἐπὶ
1933 4013 2006 4075 τὰ
2043 4020 2152 4095 τῆς
2188 4014 2455 4084 πόλεως,
2502 4018 2642 4074 111111
2679 4032 2741 4093 p.
2778 4010 2980 4084 1231)

252 4124 597 4207 66(1.;,έπεὶ
642 4127 707 4187 εἴ
740 4148 809 4206 γε
853 4124 1123 4186 πύθοιτο
1172 4121 1241 4203 (i.
1282 4142 1337 4183 6.
1373 4121 1755 4203 Ἄμηστρις),
1801 4121 1891 4181 ὅτι
1937 4121 1975 4181 ὁ
2015 4119 2410 4201 Ἀλκιβιάδης
2457 4116 2640 4187 οὗτος
2686 4126 2800 4183 νῦν
2849 4120 2982 4181 ἔπι-

248 4240 445 4317 χειρεῖ
480 4237 739 4313 πρῶτον
783 4232 902 4312 μὲν
949 4232 1050 4311 ἔτη
1102 4229 1359 4292 οὐδέπω
1408 4227 1687 4309 γεγονὼς
1735 4227 1988 4307 σφόδρα
2037 4228 2286 4299 εἴκοσιν,
2335 4227 2538 4287 ἔπειτα
2585 4226 2980 4288 παντάπασιν

248 4338 639 4411 ἀπαίδευτος,
694 4336 857 4418 πρὸς
914 4337 982 4399 δὲ
1034 4336 1289 4407 τούτοις,
1345 4340 1456 4397 τοῦ
1514 4336 1776 4415 ἐραστοῦ
1835 4334 2010 4413 αὐτῷ
2065 4332 2350 4411 λέγοντος
2406 4332 2495 4393 ὅτι
2549 4333 2671 4414 χρὴ
2719 4338 2977 4413 πρῶτον

245 4446 543 4527 μαθόντα
580 4445 687 4506 καὶ
724 4443 1174 4524 ἐπιμεληθέντα
1213 4443 1406 4503 αὑτοῦ
1445 4442 1551 4502 καὶ
1589 4441 1948 4521 ἀσκήσαντα
1987 4440 2192 4507 οὕτως
2239 4440 2392 4501 ἰέναι
2441 4440 2980 4519 διαγωνιούμενον

244 4553 499 4635 βασιλεῖ,
545 4552 667 4614 οὐκ
715 4551 932 4622 ἐθέλει,
981 4550 1137 4611 ἀλλά
1176 4572 1367 4631 φησιν
1414 4550 1698 4629 ἐξαρκεῖν
1744 4548 1850 4607 καὶ
1897 4548 1989 4615 ὡς
2037 4548 2176 4627 ἔχει,
2225 4546 2398 4626 οἶμαι
2446 4548 2524 4607 ἂν
2573 4546 2767 4627 αὐτὴν
2813 4546 2977 4607 θαυ-

243 4660 443 4741 μάσαι
484 4710 494 4720 .
537 4708 547 4719 .
590 4708 601 4719 .
650 4653 950 4734 Accedit,
998 4655 1174 4737 quod
1222 4652 1553 4717 nonnullis
1592 4652 1755 4716 locis
1797 4652 2032 4715 dicitur
2064 4650 2500 4729 Alcibiadem,
2549 4672 2714 4733 quae
2753 4672 2974 4713 neces-

246 4764 425 4829 saria
480 4764 629 4841 sint,
686 4763 935 4826 discere
994 4761 1249 4839 debere,
1306 4767 1380 4823 ut
1436 4760 1635 4824 etiam
1695 4760 1926 4823 civitas
1984 4781 2064 4821 ex
2125 4759 2628 4841 11)61116.111·11ι16
2693 4757 2986 4821 maxima.

332 4876 725 4945 ‘nisam-tationes
752 4902 871 4955 phil.
896 4902 1099 4943 vindob.
1130 4903 1261 4942 vm.
2762 4880 2794 4931 2
