3567 5109
1616 278 1877 343 -90
1963 314 2047 326 .-

486 468 663 553 apud
695 467 1016 546 Asinium,
1049 466 1249 531 dixit:
1283 464 1386 529 ‘Si
1418 464 1680 547 Caesar,
1727 490 1805 531 ex
1850 470 2133 533 omnibus
2163 470 2549 551 mortalibus,
2595 474 2707 557 qui
2747 482 2895 535 sunt
2940 494 3019 536 ac
3032 474 3190 559 fue-

485 582 662 653 runt,
701 582 910 657 posset
953 572 1100 635 huic
1147 594 1382 634 causae
1429 570 1816 657 disceptator
1863 572 2000 660 leqi,
2048 597 2173 639 non
2221 578 2556 661 quisquam
2611 587 2666 639 te
2708 578 2920 661 potius
2965 586 3191 661 optan-

487 678 606 742 dus
651 677 829 740 nobis
855 678 1040 762 fuit‘.

1720 820 1806 882 fr.
1861 824 1958 883 22.

696 978 867 1040 Ibid.
913 980 1006 1041 IX
1067 988 1122 1053 4,
1177 984 1328 1041 137:
1410 973 1552 1039 Vult
1598 998 1724 1038 esse
1796 974 2013 1038 Celsus
2074 975 2363 1059 aliquam
2426 988 2482 1040 et
2544 979 2965 1063 superbiorem
3027 1001 3191 1040 com-

479 1081 883 1165 positionem,
949 1103 1140 1165 quam
1212 1080 1492 1165 equidem
1563 1082 1624 1143 .ςί
1681 1080 1928 1157 scirem,
1994 1102 2119 1145 non
2164 1080 2476 1146 docere-m:
2540 1083 2650 1147 secl
2691 1086 2772 1146 sit
2818 1106 3060 1147 necesse
3106 1092 3195 1144 est

487 1184 678 1248 tarda
724 1196 782 1246 et
823 1185 1081 1271 supina,
1127 1208 1342 1249 vemm
1373 1187 1506 1249 nisi
1547 1208 1628 1249 ea.-
1659 1184 1867 1249 verbis
1908 1194 2093 1269 atque
2138 1189 2479 1252 sententiis.
2530 1189 2654 1251 Per
2698 1212 2761 1251 se
2806 1190 2866 1251 si
2908 1187 2976 1250 id
3005 1210 3189 1271 quae-

487 1290 679 1369 ritur,
723 1292 880 1354 satis
923 1288 1148 1354 odiosa
1191 1314 1320 1353 esse
1363 1312 1488 1353 non
1529 1292 1790 1375 poterit.

1696 1505 1809 1585 [fr.
1856 1506 1982 1584 23]

703 1662 1222 1741 [Fortunatiani
1270 1662 1414 1727 Art.
1463 1663 1654 1725 Rhet.
1704 1662 1809 1725 III
1856 1666 1891 1723 2
1940 1664 2029 1743 (p.
2084 1668 2198 1725 121
2254 1664 2399 1742 H.):
2459 1661 2590 1733 Qui
2616 1685 2829 1725 rerum
2870 1670 3187 1747 qestarum

490 1763 647 1830 ordo
691 1766 822 1827 est?
873 1762 1094 1828 Celsus
1140 1763 1340 1828 tradit
1381 1764 1589 1848 primo
1629 1763 1887 1844 firmum
1930 1763 2184 1849 aliquid
2212 1787 2341 1829 esse
2363 1774 2740 1851 ponendum,
2789 1767 3193 1829 novissimum

488 1891 617 1932 esse
683 1867 886 1933 locum
940 1867 1464 1954 fimissimmm‚
1529 1866 1926 1933 inbecillima
1987 1870 2057 1931 in
2100 1868 2304 1934 medio
2354 1868 2764 1937 conlocanda.
2862 1870 2995 1935 Cur
3058 1871 3195 1932 ita?

491 1975 646 2057 quia
691 1984 750 2037 et
799 1974 978 2037 initio
1022 1974 1363 2038 movendus
1409 1984 1494 2037 est
1539 1972 1734 2038 iudea:
1777 1983 1835 2037 et
1881 1976 2216 2038 novissimo
2262 1974 2683 2061 inpellendus]
2703 1979 2771 2056 ¹).

703 2200 742 2266 ¹)
783 2202 906 2253 Hoc
945 2204 1323 2265 fragmentum
1362 2202 1566 2253 inclusi
1605 2200 1849 2269 uncinis,
1889 2202 2043 2265 quod
2074 2202 2549 2254 Fortunaflanum
2590 2202 2735 2253 Celsi
2760 2203 3040 2253 rhetorica
3082 2215 3193 2251 non

491 2302 650 2339 usum
705 2301 840 2353 esse,
895 2290 993 2340 sed
1042 2302 1125 2357 ea,
1165 2301 1313 2353 quae
1366 2288 1598 2355 profert,
1637 2303 1705 2339 ex
1743 2289 2099 2345 Quintiliano
2138 2290 2499 2353 exscripsisse
2558 2290 2694 2338 mihi
2728 2301 3057 2351 persuasum
3098 2294 3196 2344 est,

491 2376 828 2439 praesertim
853 2389 981 2427 cum
1008 2377 1068 2427 in
1095 2378 1166 2427 iis
1193 2390 1436 2440 quoque,
1475 2388 1622 2439 quae
1660 2380 1995 2439 sequuntur,
2030 2381 2269 2438 uterque
2310 2376 2383 2426 ad
2420 2377 2657 2426 verbum
2697 2377 2815 2426 fere
2852 2375 3196 2426 consentiat:

803 2516 1040 2574 Quintil.
1079 2518 1186 2568 VII
1221 2522 1262 2585 1,
1303 2520 1367 2567 10
1392 2531 1474 2580 sq.
1844 2536 1849 2654 1
2315 2517 2778 2567 Fortunatianus.

1844 2659 1850 2701 Ι

631 2621 794 2678 Quod
820 2623 1066 2684 pertinet
1092 2623 1165 2673 ad
1186 2627 1451 2687 actorem,
1476 2636 1592 2673 non
1617 2623 1789 2686 plane

493 2708 760 2758 dissentio
799 2721 832 2759 a
860 2710 1022 2760 celso
1049 2749 1062 2761 .
1103 2746 1116 2760 .
1155 2748 1167 2760 .
1206 2710 1393 2772 primo
1418 2710 1648 2760 firmum
1689 2709 1791 2759 ali-

2038 2621 2147 2677 Qui
2186 2635 2375 2672 rerum
2413 2627 2696 2683 gestarum
2736 2620 2879 2670 ordo
2917 2622 3035 2670 est?
3072 2620 3194 2670 Cel-

1897 2722 1992 2759 sus
2052 2708 2227 2759 tradit
2284 2709 2465 2771 primo
2522 2708 2755 2757 firmum
2812 2708 3031 2769 aliquid
3080 2720 3197 2757 esse

494 2795 630 2857 quid
652 2808 768 2845 esse
787 2796 1132 2863 ponendum,
1151 2810 1370 2848 summo
1390 2797 1791 2862 firmissimum,
1897 2796 2241 2863 ponendum,
2279 2797 2646 2847 novissimum
2684 2808 2803 2845 esse
2856 2796 3039 2845 locum
3096 2795 3197 2843 fir-

493 2882 866 2933 imbeeilliora
923 2884 1124 2943 medie,
1178 2886 1311 2948 quia
1358 2890 1410 2936 et
1456 2885 1620 2934 initio
1678 2898 1791 2933 mo·
1900 2885 2297 2948 missimorum,
2322 2884 2686 2935 inbecilliora
2712 2883 2772 2933 in
2798 2884 2982 2932 medio
3006 2884 3198 2933 conlo-

495 2969 712 3019 vendes
747 2970 820 3019 sit
849 2971 1022 3021 iudex
1063 2979 1116 3021 et
1141 2986 1358 3024 summo
1395 2973 1790 3037 impellendus.
1899 2974 2098 3023 canda.
2138 2971 2253 3022 Cur
2288 2971 2404 3020 ita?
2442 2971 2575 3032 quia
2605 2976 2657 3019 et
2683 2971 2847 3019 initio
2886 2971 3199 3020 movendus

495 3058 567 3105 At
586 3070 690 3119 pro
711 3070 808 3107 reo
835 3059 1172 3123 plerumque
1198 3062 1588 3123 gravissimum
1627 3060 1791 3122 quid-
1846 3071 1851 3118 ι
1901 3066 1980 3109 est
2020 3059 2191 3109 iudex
2228 3064 2281 3107 et
2320 3058 2625 3107 novissimo
2662 3057 3039 3119 inpellendus,
3088 3058 3199 3107 Pro

495 3155 605 3205 que
661 3144 907 3207 primum
965 3148 1303 3197 movendum
1359 3154 1456 3213 est,
1521 3161 1590 3198 ne
1641 3147 1788 3197 illud
1900 3160 1995 3196 reo
2022 3160 2137 3195 non
2165 3145 2502 3209 plerumque
2526 3144 2923 3206 gravissimum
2946 3144 3199 3206 quidque

494 3236 752 3293 spectans
789 3231 963 3281 iudex
988 3233 1342 3295 reliquorum
1381 3235 1694 3285 defensioni
1722 3235 1794 3283 sit
1900 3234 2083 3296 primo
2121 3232 2465 3282 movendum
2500 3232 2619 3281 est?
2661 3233 2873 3297 utique,
2928 3245 2997 3282 ne
3051 3232 3197 3283 illud

495 3318 802 3369 adversior.
842 3319 1078 3369 Interim
1134 3328 1318 3372 tamen
1375 3330 1429 3373 et
1467 3323 1572 3371 hoe
1609 3328 1792 3371 muta·
1846 3319 1851 3364 l
1900 3326 2230 3383 exspectans
2268 3320 2439 3369 iudex
2478 3320 2735 3382 reliquae
2774 3316 3088 3370 defensioni
3126 3321 3199 3371 sit

495 3405 667 3465 bit-ur,
705 3406 750 3454 si
787 3406 1005 3456 leviora
1043 3408 1146 3457 illa
1189 3409 1377 3470 palam
1417 3410 1560 3459 falsa
1606 3414 1792 3475 erunt,
1846 3391 1851 3438 Ψ
1900 3409 2187 3460 adversus.
2226 3405 2346 3457 Hoc
2384 3412 2437 3457 et
2475 3408 2787 3469 aliquando
2844 3408 3049 3457 mutari
3100 3422 3198 3471 po·

497 3492 816 3553 gravissimi
871 3493 1125 3543 defensio
1195 3495 1512 3561 diffieilior,
1574 3502 1636 3545 ut
1697 3498 1791 3545 de·
1846 3513 1849 3536 ι
1900 3502 2021 3559 test,
2060 3497 2107 3545 si
2164 3496 2381 3545 leviora
2420 3496 2521 3544 illa
2569 3494 2760 3556 palam
2816 3496 2960 3545 falsa
3018 3501 3198 3559 erunt,

495 3584 675 3629 tracta
710 3580 870 3641 prius
906 3582 1326 3632 accusatoribus
1362 3584 1475 3633 fide
1531 3583 1792 3647 adgredi·
1902 3584 2363 3645 gravissimorum
2392 3582 2645 3633 defensio
2672 3582 2979 3645 diffieilior,
3017 3589 3079 3633 ut
3106 3583 3199 3632 de·

496 3680 656 3716 amur
691 3668 972 3727 ultimum,
1009 3669 1120 3719 iam
1143 3670 1430 3721 iudicibus
1451 3672 1640 3721 omnia
1679 3685 1794 3719 esse
1848 3717 1851 3726 ,
1902 3676 2081 3720 tracta
2136 3669 2296 3732 prius
2335 3668 2759 3717 accusatoribus
2813 3668 2948 3734 fide,
3004 3668 3063 3717 id
3102 3676 3201 3731 est,

495 3767 643 3804 vana
681 3755 1055 3807 credentibus,
1095 3757 1250 3819 Opus
1275 3758 1380 3807 erit.
1409 3764 1593 3808 tamen
1631 3772 1795 3821 prae·
1847 3753 1852 3772 ¹
1900 3772 2025 3809 cum
2064 3770 2148 3821 ea,
2186 3770 2335 3819 quae
2372 3756 2521 3806 levia
2546 3756 2769 3805 obieeta
2796 3756 3022 3817 fuerint,
3048 3758 3198 3808 refu-

500 3841 728 3909 tatione,
785 3857 898 3905 qua
959 3849 1015 3893 et
1067 3844 1214 3894 ratio
1275 3845 1548 3895 reddatur
1626 3846 1794 3896 dilati
1902 3845 2154 3911 tarimuS‚
2213 3843 2614 3905 adgrediamur
2658 3842 2730 3892 ad
2786 3843 3047 3893 ultimum
3093 3845 3199 3894 cri-

497 3929 752 3979 eriminis
789 3936 842 3981 et
877 3932 1246 3994 promittatur
1283 3933 1552 3991 defensi0‚
1610 3948 1680 3983 ne
1718 3934 1795 3999 id,
1904 3946 2045 3983 men.
2084 3932 2207 3982 Iam
2246 3930 2535 3982 iudicibus
2572 3930 2759 3979 omnia
2798 3929 3028 3980 infirma
3082 3944 3199 3981 esse

499 4016 653 4078 quod
709 4030 822 4067 non
877 4021 1062 4069 statim
1111 4020 1409 4085 diluemus,
1459 4022 1655 4081 timere
1709 4021 1795 4070 vi·
1904 4019 2283 4085 credentibus,
2322 4018 2413 4067 hic
2460 4018 2594 4081 quid
2653 4017 2958 4067 faciemus?
3034 4018 3199 4068 Prae·

500 4104 753 4155 deamur.
1902 4107 2199 4169 paratione
2236 4113 2476 4172 utemur,
2515 4118 2629 4167 qua
2655 4111 2708 4153 et
2745 4104 2890 4153 ratio
2927 4104 3202 4155 reddatur

1904 4194 2075 4244 delati
2114 4193 2370 4243 criminis
2418 4198 2473 4241 et
2510 4192 2760 4242 defensio
2816 4192 3199 4253 promittatur,

1850 4309 1855 4334 ι
1904 4296 1974 4332 ne
2012 4282 2163 4344 quod
2202 4294 2313 4331 non
2352 4280 2540 4329 statim
2600 4278 2949 4341 diluerimus,
3007 4278 3201 4329 timere

1850 4359 1854 4418 Ι
1900 4370 2209 4419 videamur.

710 4509 872 4559 Adde
911 4510 1063 4571 quod
1102 4510 1283 4561 Iulius
1321 4512 1680 4577 SeverianuS,
1721 4526 1886 4573 quem
1926 4526 1993 4561 ex
2031 4511 2177 4562 Celsi
2217 4508 2379 4557 libris
2416 4512 2717 4569 praecepta
2743 4505 3083 4567 excerpsisse
3116 4504 3202 4555 in-

501 4597 588 4645 fra
628 4596 1160 4655 demonstrabimus.
1197 4599 1388 4663 plane„
1407 4600 1532 4649 aliis
1569 4600 1760 4649 verbis
1798 4601 1867 4649 ad
1909 4599 2131 4649 easdem
2173 4610 2261 4646 res
2298 4593 2706 4655 significandas
2745 4593 2938 4647 utitur,
2978 4604 3091 4653 qua
3128 4604 3199 4642 ex

500 4698 563 4734 re
600 4684 1012 4741 Quintilianum
1053 4686 1198 4736 Celsi
1235 4688 1412 4737 verba
1448 4687 1772 4737 immutasse
1800 4686 2177 4747 colligendum
2218 4689 2315 4746 est,
2358 4681 2491 4743 quia
2530 4680 2708 4730 Iulius
2735 4676 3072 4728 Severianus
3108 4690 3199 4727 ex-

503 4781 744 4840 cerptor,
782 4780 841 4824 ut
883 4774 988 4823 hoe
1024 4776 1306 4826 vocabulo
1344 4782 1490 4837 utar,
1529 4776 1648 4824 sine
1685 4774 1861 4825 dubio
1900 4772 2143 4823 auctoris
2182 4772 2355 4821 verba
2394 4768 2622 4820 fidelius
2658 4766 2902 4818 retinuit.
