3567 5109
1623 325 2089 386 -152—

644 517 728 565 53.
768 513 834 562 In
869 515 992 564 aliis
1030 521 1198 564 atatem
1219 515 1453 578 partibus
1499 519 1803 566 tractandus
1908 519 2161 580 intetpom‘
2196 520 2277 567 vel
2313 519 2493 583 anyeri
2532 533 2635 568 non
2674 525 2897 581 ponunt
2916 557 2929 568 .
2951 556 2964 571 .
2988 556 3000 568 .
3024 557 3035 569 .
3103 517 3207 566 Ad-

507 602 602 650 erit
645 599 899 667 adfectus,
943 606 998 649 ul
1042 602 1248 664 ‹leti-§que
1301 607 1628 652 nascetur:
1682 618 1805 650 nam
1899 601 2073 666 sectae
2108 610 2293 667 autem,
2329 605 2417 668 qui
2454 602 2520 654 de
2564 606 2699 655 omni
2740 622 2901 655 cauea
2946 621 3207 654 noscun-

505 703 662 750 neqne
716 688 904 752 exponi
939 689 1050 738 eine
1085 688 1180 737 hoc
1216 705 1299 738 ree
1337 696 1534 738 atroces
1573 696 1622 740 et
1655 691 1805 739 ›mice-
1912 699 2032 756 επιν,
2068 692 2473 755 perorationibus
2508 692 2913 743 reservabunturu

505 774 698 824 rabiles
734 774 935 840 debent,
978 782 1026 825 et
1061 791 1170 824 cum
1206 773 1271 824 de
1306 776 1555 839 qualitate
1591 775 1807 826 alicuine

507 863 586 912 rei
609 863 840 925 quaestio
871 868 962 922 est,
986 862 1375 926 probationibus
1398 865 1546 913 unius
1573 865 1807 928 cuiueqne

507 951 585 998 rei
615 955 750 999 recte
784 949 1117 1014 euln’unyilur.

645 1039 724 1088 VI
761 1041 809 1095 2.
843 1041 920 1090 13.
963 1028 1178 1097 Ἦθος.
1204 1075 1215 1087 .
1237 1078 1248 1090 .
1273 1042 1329 1087 in
1355 1055 1450 1102 quo
1477 1037 1808 1101 exprimendo
2368 1055 2419 1104 p.
2458 1043 2577 1108 365,
2620 1044 2685 1092 14
2702 1055 2773 1092 ss,

509 1139 704 1174 summa
757 1127 916 1174 virtue
973 1140 1035 1174 ea
1088 1133 1179 1188 est,
1235 1133 1288 1174 ut
1316 1125 1482 1187 fluere
1535 1127 1703 1174 munia
1739 1140 1812 1174 cx
2055 1126 2279 1176 Met-alis
2370 1130 2742 1192 ατῃτιηιεηιαιίο
2830 1128 2894 1178 cle
2976 1135 3211 1178 natura

507 1219 753 1261 natura
814 1227 984 1262 rerum
1043 1211 1478 1275 hominumque
1537 1212 1813 1262 videantur
1917 1211 2226 1262 hominum
2260 1217 2341 1262 vel
2376 1230 2567 1263 morum
2605 1214 2964 1264 consuetudine
3000 1213 3210 1265 ducitur.

507 1305 656 1362 utque
689 1315 856 1350 mores
893 1301 1106 1350 dicentis
1143 1315 1207 1349 ex
1255 1303 1483 1350 oratione
1507 1299 1811 1362 perluceant

509 1393 556 1436 et
591 1386 812 1450 quodam
849 1389 1002 1438 modo
1041 1395 1400 1452 aynoscantur.

718 1510 1226 1583 Quintilianum
1284 1511 1465 1574 Celsi
1524 1511 1608 1573 de
1667 1512 1988 1590 augendo
2052 1512 2566 1591 minuendoque
2627 1513 3014 1575 doctrinam
3062 1513 3214 1592 (Iul.

512 1615 860 1679 Severian.
908 1636 971 1697 p.
1028 1622 1169 1693 368,
1220 1619 1297 1678 29
1321 1615 1437 1695 ss)
1500 1617 1584 1678 ad
1630 1616 1921 1678 verbum
1988 1615 2133 1678 fere
2180 1617 2617 1680 transtulisse
2672 1633 2883 1697 supra
2938 1617 3214 1679 demon-

513 1727 772 1782 strasse
817 1723 1023 1784 nobis
1071 1722 1409 1784 videmur.

721 1825 868 1887 Iam
914 1844 1084 1888 vero
1118 1826 1523 1888 accedamus
1560 1823 1646 1887 ad
1679 1825 2092 1905 explicanda
2142 1843 2237 1902 ea,
2286 1843 2464 1904 quae
2510 1825 2786 1888 Celsum
2836 1827 2923 1888 de
2970 1823 3213 1908 dispo-

511 1929 580 1990 ei
592 1926 799 1990 tione
845 1930 1348 2010 conscripsisse
1393 1947 1767 2011 possumus
1816 1929 2155 1992 conicere.

723 2035 829 2095 Ex
902 2032 1062 2096 Iulii
1112 2035 1467 2098 Severiani
1513 2035 1899 2115 praeceptis
1946 2050 2041 2111 ea,
2107 2052 2281 2113 quae
2328 2035 2415 2097 de
2462 2035 2871 2098 criminibus
2930 2035 3023 2115 (p.
3073 2041 3217 2111 356,

517 2145 596 2200 25
623 2140 739 2218 ss.)
787 2145 858 2201 et
904 2142 1332 2218 argumentis
1397 2138 1489 2221 (p.
1555 2145 1700 2216 359,
1769 2145 1847 2200 19
1872 2139 1988 2217 ss)
2054 2139 2508 2219 disponendis
2573 2147 2641 2202 et
2688 2141 2774 2202 de
2821 2140 3218 2204 coniectura

518 2245 608 2326 (p.
657 2251 803 2321 361,
857 2248 930 2305 17
954 2242 1071 2321 ss.)
1108 2251 1176 2306 et
1208 2243 1351 2306 fine
1399 2245 1488 2325 (p.
1537 2250 1681 2322 363,
1733 2252 1764 2305 1
1796 2244 1913 2322 ss.)
1951 2251 2128 2321 sunt,
2175 2245 2261 2307 ad
2293 2245 2465 2308 hanc
2498 2245 2800 2308 Cornelii
2832 2245 3217 2309 rhetoricae

517 2355 783 2429 partem
830 2349 1197 2411 referenda
1242 2349 1571 2412 videntur
1614 2368 1783 2412 esse.
1843 2350 2169 2413 Fortasse
2212 2351 2299 2412 ad
2346 2351 2638 2413 eandem
2684 2351 2987 2430 pertinet
3042 2350 3217 2429 frag·

517 2463 826 2516 mentum
891 2457 986 2517 12.
1036 2454 1150 2532 (de
1197 2461 1434 2517 mutua
1482 2455 1967 2532 accusatione).
2034 2455 2260 2528 Quare
2312 2474 2468 2518 eum
2515 2456 2723 2518 simili
2770 2457 2980 2518 modo
3014 2462 3219 2534 atque

519 2559 1019 2632 Quintilianum
1066 2559 1369 2639 primum
1425 2563 1496 2622 in
1543 2562 1949 2623 universum
2008 2561 2091 2623 de
2149 2561 2607 2642 dispositione
2665 2563 2911 2640 egisse,
2967 2560 3219 2623 deinde

520 2666 670 2745 ‘per
713 2664 1021 2744 singulas
1070 2682 1434 2728 causarum
1481 2666 1905 2728 iudicialium
1940 2667 2193 2746 partes'
2241 2668 2378 2728 isse
2413 2673 2618 2744 atque
2654 2667 2851 2745 ‘quae
2880 2669 2954 2729 in
2986 2683 3217 2744 quem·

520 2787 655 2848 que
687 2775 942 2832 statum
974 2770 1545 2849 frequentissime
1577 2771 1904 2833 incidant’
1924 2771 1969 2848 ¹<)
2022 2772 2334 2834 attulisse
2365 2778 2470 2833 est
2502 2773 2649 2833 veri
2682 2771 2923 2834 simile.
2962 2771 3222 2833 Prioris

519 2877 740 2954 partis
791 2875 1078 2938 Fabium
1133 2877 1460 2938 habuisse
1514 2876 1854 2939 rationem
1921 2882 2189 2939 constat
2251 2894 2338 2938 ex
2402 2875 2793 2954 fragmento
2848 2881 2945 2939 11.
3019 2874 3221 2937 Certe

522 2977 767 3042 Celsus
833 2980 964 3043 hoc
1030 2983 1204 3056 1000,
1253 2979 1604 3060 quomodo
1664 2986 1858 3043 actor
1922 2998 2035 3041 res
2084 2981 2454 3059 disponere
2502 2980 2805 3056 deberet,
2851 2979 3218 3054 indicavit;

519 3085 643 3147 sed
677 3102 832 3146 eum
879 3087 1083 3147 etiam
1119 3085 1204 3147 de
1235 3092 1532 3165 patrono
1567 3083 1876 3163 (Quintil.
1919 3085 2050 3146 VII
2100 3093 2151 3160 1,
2206 3090 2317 3146 11:
2367 3087 2521 3165 ‘pro
2568 3084 2741 3162 reo’)
2792 3085 3017 3163 egisse
3063 3100 3221 3145 cum

519 3207 605 3251 ex
651 3191 802 3269 ipsa
856 3207 935 3252 re
981 3197 1285 3271 apparet,
1333 3197 1476 3252 tum
1527 3208 1610 3251 ex
1659 3188 1812 3251 Iulii
1860 3188 2215 3252 Severiani
2270 3189 2507 3252 verbis
2570 3191 2660 3270 (p.
2710 3197 2853 3266 356,
2900 3191 3041 3266 26);
3110 3207 3221 3249 uos

517 3290 846 3374 primum
892 3291 1336 3356 &ninivitarum
1390 3302 1694 3356 actorem:
1759 3296 1820 3357 is
1870 3297 2051 3358 enim
2099 3295 2262 3372 sola,
2311 3312 2485 3375 quae
2532 3295 2616 3356 ad
2668 3302 2969 3357 actorem
3014 3298 3218 3374 perti·

521 3404 705 3476 nent,
761 3402 1125 3480 excerpsit,
1171 3407 1399 3463 cetera
1434 3403 1666 3462 omisit
1697 3405 1973 3463 retento
2005 3406 2233 3463 tamen
2269 3400 2601 3462 adverbio
2636 3395 2945 3481 primum.
2992 3399 3221 3470 Quare

521 3503 1041 3582 Quintilianum,
1117 3523 1269 3568 cum
1342 3505 1524 3569 Celsi
1592 3509 1934 3569 sententia
1994 3505 2265 3586 prolata
2328 3511 2397 3568 et
2460 3525 2545 3568 ex
2591 3511 2791 3584 parte
2839 3505 3221 3584 approbata

521 3609 616 3669 ita
667 3619 910 3688 pergat
964 3610 1116 3687 (VII
1165 3618 1218 3686 1,
1269 3609 1416 3687 11):
1473 3607 1558 3668 At
1603 3629 1721 3692 pro
1775 3630 1883 3669 reo
1934 3605 2295 3694 plemmque
2352 3629 2413 3688 q.
2461 3629 2535 3686 S.,
2601 3627 2685 3670 ex
2736 3608 2981 3670 eodem
3030 3611 3219 3671 fonte

521 3714 840 3776 hausisse
887 3713 1229 3776 existimo
1284 3714 1365 3775 In
1423 3717 1670 3776 ceteris
1727 3720 1955 3775 autem
2013 3713 2491 3792 dispositionis
2546 3716 2933 3792 praeceptis
2990 3715 3219 3794 expla-

523 3819 769 3880 nandis
827 3818 1288 3890 Quintilianus
1354 3827 1469 3880 aut
1532 3821 1887 3899 propriam
1954 3824 2234 3880 secutus
2306 3835 2457 3880 esse
2518 3817 2793 3880 videtur
2858 3818 3043 3881 viam
3104 3817 3219 3896 (cf.

524 3919 685 3982 Erat
727 3918 889 3983 mihi
921 3943 1114 3984 curae
1149 3924 1270 3986 VII
1323 3931 1377 4001 1,
1427 3931 1495 3999 43
1546 3919 1839 3983 Solebam
1885 3929 1942 3982 et
1987 3921 2099 3981 hoc
2127 3922 2361 4007 facere
2410 3925 2523 3998 23;
2574 3917 2861 4004 Solebam
2911 3929 2973 3983 et
3018 3943 3221 3984 eaecer-

520 4047 666 4110 pere
732 4032 846 4104 293
915 4023 1204 4088 Solebam
1267 4025 1354 4105 id,
1404 4025 1571 4113 quod
1617 4025 1778 4105 fleri
1838 4035 1895 4086 et
1940 4025 2007 4088 in
2054 4025 2451 4110 armamentis
2498 4023 2665 4101 dimi,
2718 4027 2788 4087 in
2834 4035 2964 4088 tota
2991 4027 3222 4112 facere

521 4131 800 4194 materia
852 4134 961 4210 31)
1013 4140 1130 4195 aut
1183 4135 1352 4195 alios
1403 4133 1804 4194 adhibuisse
1870 4131 2121 4194 fontes.
2170 4133 2339 4194 Nam
2404 4138 2680 4212 praeter
2727 4153 2819 4209 ea,
2886 4151 3059 4211 quae
3121 4135 3221 4194 in-

526 4239 934 4314 dicavimuS,
1002 4239 1182 4302 Celsi
1250 4241 1433 4301 nulla
1499 4240 1789 4316 vestigia
1858 4239 1929 4299 in
1999 4237 2299 4326 Fabiano
2366 4239 2450 4300 de
2515 4239 2979 4318 dispositione
3041 4237 3221 4301 libro

526 4345 932 4424 reperimus.

734 4449 843 4510 Ad
873 4443 1370 4510 elocutionem
1392 4451 1746 4529 pertinent
1769 4447 1850 4511 fr.
1880 4453 2189 4525 13.—22.‚
2209 4448 2371 4512 Iulii
2390 4449 2745 4512 Severiani
2766 4452 2981 4512 sectio
3003 4448 3222 4526 tertia,

527 4553 786 4616 Isidori
833 4557 1052 4633 capita
1101 4553 1514 4617 XVI—XXI.
1565 4553 1716 4616 Non
1766 4571 1989 4633 pauca
2038 4554 2254 4632 igitur
2301 4572 2388 4616 ex
2436 4553 2563 4615 hac
2598 4555 2983 4616 rhetoricae
3030 4559 3226 4632 parte

529 4659 824 4721 traditae
855 4666 1035 4721 sunt.
1073 4657 1210 4720 Sed
1233 4661 1556 4738 quaesti0‚
1607 4659 1962 4738 quomodo
1989 4656 2231 4720 Celsus
2254 4659 2662 4721 elocutionis
2687 4665 3057 4738 praecepta
3091 4656 3223 4718 dis-

740 4835 776 4893 1)
817 4831 1048 4888 Quintil.
1089 4833 1196 4881 v11
1241 4836 1286 4896 1,
1325 4834 1408 4880 64.
