3567 5109
1486 290 1934 353 —31—

352 499 735 564 Alcibiades
810 503 1149 565 convictus
1224 522 1292 565 sc
1362 522 1589 565 curare
1658 502 1783 566 sibi
1851 504 2250 566 tutissimum
2317 523 2458 566 esse
2525 502 2848 566 concedit.
2943 500 3078 565 Sed

350 606 659 671 Socrates
714 607 1010 691 longiore
1069 607 1186 672 illa
1244 610 1541 673 oratione
1594 607 1966 673 Alcibiadis
2015 608 2394 691 superbiam
2441 608 2638 691 plane
2685 608 2952 690 frangit,
3000 614 3078 671 ut

352 712 737 778 Alcibiades
804 716 1101 779 oratione
1166 715 1357 779 finita
1422 736 1503 780 ex
1568 714 1842 779 Socrate
1911 722 2204 797 quaerat,
2285 716 2614 799 quomodo
2681 737 2906 779 curam
2971 716 3074 778 sui

350 828 539 901 gerat
590 842 655 903 p.
713 822 929 885 124B.
1023 822 1261 905 Itaque
1310 821 1634 886 Kvicalae
1690 823 2088 886 sententiam
2148 822 2468 886 refutasse
2515 821 2709 886 nobis
2759 822 3076 886 videmur.

559 926 793 1011 Neque
835 928 1151 992 adsentiri
1192 949 1541 1010 possumus
1588 930 1689 1006 iis,
1742 950 1913 1011 quae
1955 928 2244 993 Cobetus
2282 930 2377 1013 (in
2417 928 2741 993 Mnemos.
2783 928 2866 992 N.
2901 927 2969 993 S.
3001 928 3076 991 ΙΙ

348 1056 412 1116 p.
438 1036 593 1117 385)
624 1034 925 1117 prot-ulit3
968 1036 1128 1099 dicit
1156 1036 1359 1099 enim:
1407 1034 1737 1114 „Difficile
1768 1042 1872 1099 est
1897 1058 2032 1099 non
2067 1035 2404 1099 subridere
2433 1037 2501 1099 in
2533 1034 2752 1099 Alcib.
2783 1057 2848 1117 p.
2877 1035 3074 1099 121ss

348 1140 435 1204 ad
480 1140 671 1205 haec:
742 1144 895 1222 (τῶν
940 1144 1468 1225 Λακεδαιμονίων
1512 1144 1848 1225 βασιλέων)
1898 1146 1964 1207 αἱ
2010 1149 2302 1224 γυναῖκες
2350 1146 2622 1225 δημοσίᾳ
2669 1143 3074 1223 φυλάττονται

344 1249 475 1311 ὑπὸ
520 1256 647 1312 τῶν
692 1251 969 1332 ἐφόρων,
1016 1252 1197 1319 ὅπως
1242 1253 1329 1319 εἰς
1376 1251 1643 1332 δύναμιν
1687 1252 1777 1333 μὴ
1837 1252 2003 1333 λάθῃ
2062 1252 2130 1323 ἐξ
2184 1251 2374 1313 ἄλλον
2433 1252 2767 1332 γενόμενος
2813 1251 2849 1311 ὁ
2893 1252 3074 1331 βασι-

342 1356 485 1425 λεὺς
530 1360 568 1439 ἢ
618 1358 687 1429 ἒξ
723 1356 1172 1439 Ἡρακλειδῶν.
1238 1356 1513 1438 Ephori,
1564 1357 1781 1436 cred0,
1831 1377 2048 1420 rerum
2096 1378 2363 1420 suarum
2412 1364 2516 1421 sat
2561 1356 2848 1438 agebant
2892 1363 2958 1420 et
3003 1356 3072 1419 in

344 1469 505 1525 not-a
542 1460 999 1526 Lacaenarum
1045 1463 1313 1527 licentia
1350 1485 1485 1527 non
1526 1470 1836 1545 poterant
1872 1465 2332 1547 impotentium
2373 1471 2820 1527 matronarum
2858 1483 3071 1526 mores

346 1589 567 1651 regere
598 1575 715 1632 aut·
742 1570 1127 1652 pudicitiam
1156 1571 1345 1648 tueri,
1381 1572 1576 1634 etiam
1616 1570 1671 1633 si
1708 1570 1874 1633 nihil
1913 1570 2094 1634 aliud
2132 1576 2464 1653 agerent.“
2519 1568 2713 1653 Quod
2741 1570 3072 1634 neminem

348 1675 579 1738 melius
618 1677 785 1740 scire
825 1678 1117 1758 potuisse
1160 1698 1357 1759 quam
1390 1676 1826 1757 Alcibiadem,
1859 1698 1938 1740 ex
1969 1699 2097 1759 quo
2130 1678 2404 1741 Timaea
2441 1678 2670 1759 regina
2709 1676 3074 1758 peperisset

344 1780 624 1845 testibus
690 1782 867 1847 Plut.
928 1783 1147 1848 Alcib.
1213 1806 1270 1847 c.
1322 1787 1427 1862 23,
1498 1782 1700 1866 Ages.
1760 1788 1824 1863 3,
1894 1783 2138 1848 Athen.
2204 1784 2355 1847 XII
2413 1787 2540 1849 535
2562 1785 2642 1847 B.
2739 1783 2873 1848 Sed
2935 1784 3069 1847 iam

346 1895 615 1971 propter
669 1891 881 1972 ipsam
945 1890 1441 1968 „Lacaenarum
1498 1892 1872 1954 licentian1“
1937 1890 2282 1954 verisimile
2350 1891 2609 1954 videtur
2672 1890 2864 1954 nobis
2926 1910 3070 1953 esse

346 1993 602 2075 publice
670 1996 953 2078 ephoros
1021 1998 1472 2076 custodivisse,
1540 2018 1620 2059 ne
1689 1998 1920 2079 regina
1985 2020 2066 2061 ex
2119 1997 2253 2061 alio
2314 2003 2510 2080 atque
2570 2018 2650 2061 ex
2705 2018 2854 2078 rege
2913 2018 3070 2059 con-

346 2100 619 2182 ciperet3
686 2110 1033 2185 praeterea
1077 2104 1205 2167 hoc
1253 2104 1646 2187 ephororum
1695 2104 1981 2168 officium
2033 2105 2233 2168 fuisse
2290 2105 2453 2187 ipsis
2507 2103 2745 2168 litteris
2801 2104 3072 2187 probari

344 2211 609 2288 potest.¹
676 2209 991 2273 Libenter
1040 2216 1259 2275 autem
1308 2211 1728 2275 concedimus
1776 2211 2254 2293 posterioribus
2291 2211 2696 2294 temporibus
2733 2212 3066 2293 ingratum

344 2313 507 2378 illud
556 2317 951 2398 ephororum
996 2318 1335 2399 negotium
1384 2320 1453 2381 in
1498 2319 1757 2382 irritum
1806 2319 2144 2382 cecidisse.

556 2423 725 2487 Tum
764 2424 1147 2506 intellegere
1188 2446 1321 2491 non
1350 2446 1711 2507 possumus,
1745 2447 1862 2489 cur
1892 2424 2492 2490 Schleiermacher²
2529 2426 2808 2489 maxime
2848 2446 3064 2505 repre-

344 2528 593 2593 hendat
639 2537 703 2594 et
752 2531 1207 2595 molestissime
1268 2533 1455 2612 ferat,
1508 2532 1687 2615 quod
1734 2531 2124 2596 Alcibiades
2181 2531 2442 2596 Socrati
2501 2532 2664 2595 dicit
2717 2554 2780 2614 p.
2834 2531 3064 2596 13213:

340 2637 492 2699 ἀλλὰ
540 2645 777 2719 πειρῶ
824 2642 1196 2721 ἐξηγεῖσθαι,
1244 2642 1427 2704 ὅντιν’
1478 2644 1558 2704 ἂν
1602 2642 1838 2721 τρόπον
1883 2642 2361 2722 ἐπιμεληθεῖμεν
2410 2642 2596 2723 ἡμῶν
2638 2642 2866 2713 αὐτῶν,
2917 2660 3064 2701 eum

341 2742 822 2825 colloquentem
872 2745 1189 2809 dedecere
1230 2752 1415 2829 putet
1454 2747 1840 2828 magistrum
1878 2768 2062 2810 suum
2106 2747 2206 2809 his
2245 2746 2457 2809 verbis
2497 2745 2856 2825 adhortari,
2895 2751 3064 2809 tam-

340 2870 538 2931 quam
585 2872 819 2932 parum
868 2852 927 2915 ei
976 2852 1296 2933 confidat3
1352 2859 1699 2935 praeterea
1744 2854 1924 2937 apud
1971 2854 2320 2918 Platonem
2376 2852 2508 2916 tale
2567 2852 2726 2935 quid
2782 2852 3064 2916 inveniri

342 2963 542 3039 negat
606 2963 878 3039 excepto
944 2958 1091 3023 loco
1158 2959 1419 3023 Philebi
1495 2983 1557 3043 p.
1625 2963 1705 3025 51
1722 2960 1806 3039 D,
1884 2960 1996 3023 ubi
2062 2960 2464 3024 Protarchus
2529 2958 2792 3024 Socrati
2866 2959 3060 3023 dicit:

334 3065 662 3147 πειράθητι
720 3066 789 3127 δὲ
842 3067 948 3128 καὶ
1004 3068 1081 3129 σὺ
1138 3070 1522 3150 σαφέστερον
1576 3071 1657 3131 ἔτι
1704 3069 1915 3149 λέγειν,
1974 3068 2150 3149 quod
2209 3066 2812 3131 Schleiermachero
2871 3066 3064 3129 aliter

338 3176 722 3252 usurpatum
780 3192 919 3234 esse
977 3172 1237 3235 videtur
1293 3180 1490 3255 atque
1549 3172 1713 3237 illud
1760 3183 1962 3256 πειρῶ
2019 3175 2086 3237 in
2133 3173 2508 3237 Alcibiade.
2605 3172 2739 3238 Sed
2793 3175 3060 3237 investi-

336 3276 644 3358 gantibus
709 3278 901 3341 nobis
966 3300 1079 3343 sex
1142 3279 1270 3343 loci
1338 3280 1545 3345 oblati
1613 3287 1792 3359 sunt,
1860 3282 2098 3363 quibus
2164 3280 2474 3348 Socrates
2537 3304 2576 3345 a
2643 3280 3058 3364 colloquente.

334 3381 459 3447 hoc
498 3384 694 3447 verbo
736 3384 1151 3449 admonetur:
1201 3386 1452 3451 Phaed.
1489 3386 1671 3453 77E:
1720 3389 1828 3452 καὶ
1863 3390 1902 3451 ὁ
1941 3389 2153 3472 Κέβης
2199 3389 2562 3471 ἐπιγελάσας
2589 3388 2695 3459 Ὡς
2741 3390 3060 3461 δεδιότων,

335 3493 478 3573 ἔφη,
526 3490 583 3554 ὦ
631 3492 993 3573 Σώκρατες,
1038 3501 1240 3575 πειρῶ
1287 3496 1663 3559 ἀναπείθειν.
1740 3496 1931 3576 Reip.
1969 3495 2012 3559 l.
2053 3496 2119 3561 V
2156 3498 2285 3559 450
2309 3495 2392 3560 C:
2440 3502 2642 3577 πειρῶ
2689 3495 2805 3559 οὖν
2851 3498 3056 3567 εἰπεῖν,

333 3599 462 3661 τίνα
499 3599 734 3679 τρόπον
772 3600 869 3662 δεῖ
901 3602 1219 3681 γίγνεσθαι
1254 3603 1464 3684 αὐτήν.
1522 3602 1617 3665 Οὔ
1656 3604 1896 3685 ῥᾴδιον,
1936 3602 1994 3666 ὦ
2031 3604 2350 3685 εὔδαιμον,
2393 3603 2468 3686 ἦν
2507 3604 2565 3665 δ’
2599 3604 2745 3683 ἐγώ,
2777 3603 3057 3666 διελθεῖν.

336 3702 380 3765 l.
426 3703 491 3769 V
539 3707 665 3768 474
688 3705 775 3767 B:
844 3708 937 3776 ὡς
992 3709 1161 3789 ἔχων
1214 3716 1492 3771 τοιοῦτον
1546 3710 1798 3793 βοηθὸν
1842 3716 2044 3791 πειρῶ
2089 3717 2214 3779 τοῖς
2260 3711 2618 3773 ἀπιστοῦσιν
2664 3710 3058 3781 ἐνδείξασθαι

334 3812 423 3873 ὅτι
470 3814 590 3893 ἔχει
637 3810 679 3895 ᾗ
726 3814 803 3875 σὺ
850 3814 1056 3895 λέγεις.
1134 3814 1492 3896 Πειρατέον,
1544 3816 1619 3898 ἦν
1666 3817 1726 3878 δ’
1777 3818 1924 3897 ἐγώ,
1966 3868 1977 3878 .
2021 3867 2034 3878 .
2079 3815 2122 3878 l.
2173 3815 2350 3881 VIII
2399 3814 2629 3879 544B:
2682 3867 2694 3878 .
2735 3867 2746 3879 .
2786 3817 2855 3877 τὸ
2902 3818 3056 3878 αὐτὸ

331 3918 491 3997 ἐμοῦ
556 3920 861 4001 ἐρομένου
926 3927 1127 4001 πειρῶ
1190 3923 1395 3994 εἰπεῖν,
1464 3924 1626 4004 ἅπερ
1690 3924 1822 3985 τότε
1886 3924 2134 4005 ἔμελλες
2198 3924 2406 4004 λέγειν.
2492 3922 2787 4004 Ἐάνπερ,
2857 3922 2932 4005 ἧν
2990 3924 3050 3983 ‹5’

331 4024 479 4103 ἐγώ,
536 4026 841 4107 δύνωμαι.
936 4026 1019 4091 In
1075 4024 1389 4091 Convivio
1448 4028 1747 4092 Diotima
1805 4028 2064 4093 Socrati
2122 4029 2280 4093 dicit
2335 4052 2395 4111 p.
2436 4028 2672 4092 210A:
2729 4036 2931 4109 πειρῶ
2981 4030 3052 4091 δὲ

331 4130 609 4204 ἕπεσθαι,
646 4134 726 4195 ἂν
763 4134 895 4203 οἷός
930 4158 994 4197 τε
1028 4133 1105 4216 ᾗς
1143 4139 1209 4196 et
1245 4134 1336 4195 E:
1384 4143 1584 4217 πειρῶ
1624 4138 1695 4199 δέ
1728 4162 1857 4218 μοι,
1905 4139 2048 4219 ἔφη,
2095 4137 2201 4199 τὸν
2240 4144 2392 4199 νοῦν
2427 4138 2750 4217 προςέχειν
2787 4136 2882 4203 ὡς
2917 4136 3052 4198 οἶόν

330 4260 395 4299 τε
436 4238 731 4319 ,mileo-m,-
779 4238 1015 4321 quibus
1060 4240 1223 4304 locis
1272 4240 1577 4305 Socrates
1624 4264 1783 4305 sane
1828 4249 2049 4324 partes
2099 4242 2400 4323 discipuli
2447 4241 2664 4305 habet.
2744 4240 3052 4305 Ceterum

332 4343 453 4405 etsi
499 4343 567 4407 hi
607 4343 735 4407 loci
771 4352 1036 4427 praesto
1076 4368 1211 4410 non
1249 4355 1469 4411 essent
1508 4386 1591 4395 —
1632 4349 1872 4413 dixerit
1909 4350 2106 4413 etiam
2147 4350 2474 4432 quispiam
2512 4348 2632 4411 hos
2669 4347 2852 4412 locos
2888 4348 3053 4411 nihil

330 4448 564 4527 valere,
607 4472 751 4515 cum
791 4450 1098 4517 Socrates
1134 4454 1273 4537 ipse
1314 4476 1595 4519 narrans
1632 4456 1988 4520 inducatur
2026 4494 2112 4503 -—-
2149 4462 2372 4520 tamen
2410 4455 2794 4537 scriptorem
2826 4453 3054 4520 defen-

544 4626 563 4661 ¹
600 4628 761 4681 Cous.
802 4628 1013 4681 Herod.
1047 4630 1097 4683 V
1127 4631 1195 4683 39
1227 4648 1395 4699 seqq„
1434 4630 1583 4683 Plut.
1616 4634 1757 4699 Agis
1792 4634 1873 4687 11.
1932 4632 2092 4685 Conf.
2133 4632 2286 4685 Iwan
2327 4632 2551 4699 Manet,
2589 4632 2912 4685 Handbuch
2949 4632 3051 4685 der

330 4714 669 4769 klassisdien
708 4718 1465 4771 Altertums-Wissensehaft
1504 4720 1593 4775 IV
1636 4723 1661 4774 1
1702 4740 1754 4790 p.
1784 4722 1870 4775 87.

542 4804 565 4839 ²
601 4806 813 4859 Adnot.
854 4807 923 4859 ad
962 4808 1088 4859 Alc.
1128 4826 1179 4875 p.
1214 4808 1388 4861 1328.
