3567 5109
1623 285 2095 350 —·146-

510 482 619 561 (cf.
667 478 704 562 ξ
753 481 833 558 5.)
885 485 1006 554 est,
1058 479 1175 558 qui
1219 485 1288 538 ut
1351 474 1707 538 auditorem
1751 495 2229 560 praeparemus,
2271 473 2415 559 fieri
2470 472 2672 536 ivibus
2720 472 2989 536 maaei‘me
3034 473 3214 538 rebus

511 591 840 649 statuunt,
905 583 964 642 si
1013 577 1394 658 benevolum,
1459 588 1780 658 attentum,
1848 578 2115 642 docilem
2159 580 2547 663 fecerimua‚·
2604 580 2794 661 quod
2866 581 3049 646 idem
3126 599 3211 644 ex

508 689 763 752 Isidori
836 689 1068 751 verbis
1154 687 1482 766 colligere
1557 704 1927 765 possumus
2005 687 2113 749 his
2192 687 2283 766 (p.
2353 692 2495 760 510,
2576 693 2654 748 23
2684 687 2830 764 se.):
2902 683 3215 747 Inchoan-

510 789 658 853 dum
723 800 810 852 est
873 791 1089 876 itaque
1133 788 1370 867 taliter,
1417 799 1487 850 ut
1530 787 1902 862 benivolum,
1969 787 2293 851 docibilem
2338 787 2437 850 vel
2493 796 2801 850 attentam
2860 785 3217 850 auditorem

492 898 856 982 facia-mus:
902 892 1253 957 benivolum
1305 891 1644 980 precando,
1713 891 2043 955 docibilem
2086 892 2477 967 instruendo,
2522 901 2827 956 attentum
2856 889 3214 956 eaecitando.

512 1003 647 1068 Sed
712 1004 944 1064 nescio
1013 1019 1098 1062 an
1165 1002 1527 1081 episcopus
1599 1000 2061 1080 HispalensiS,
2127 1019 2283 1063 cum
2330 1001 2605 1063 scribit:
2666 994 3015 1059 benivolum
3076 1017 3214 1082 pre-

515 1103 732 1184 cando,
787 1107 1235 1185 neglegenter
1285 1109 1502 1185 egerit
1542 1110 1612 1168 in
1663 1105 2145 1180 exscribend0‚
2214 1109 2373 1185 quia
2428 1106 2593 1168 solis
2640 1103 2966 1184 precibus
3012 1102 3215 1166 bene-

514 1212 815 1274 volentia
864 1229 1001 1274 non
1049 1229 1322 1289 semper
1367 1216 1829 1290 comparatur.
1896 1211 2131 1289 Neque
2179 1217 2403 1274 tamen
2452 1210 2714 1286 dubito,
2760 1211 2926 1288 quin
2975 1207 3215 1270 Celsus

513 1318 716 1379 etiam
765 1314 1094 1396 precandi
1136 1314 1379 1376 fecerit
1408 1317 1848 1376 mentionem.
1897 1313 2226 1376 Fortasse
2258 1312 2721 1385 Quintilianus
2766 1312 2860 1375 IV
2912 1318 2966 1390 1,
3016 1319 3095 1374 33
3117 1329 3219 1390 sq.

513 1421 716 1483 huius
763 1421 943 1483 Celsi
989 1422 1367 1482 sententiae
1414 1419 1755 1481 rationem
1805 1418 2063 1480 habuit.

849 1559 1075 1614 Quintil.
1117 1558 1194 1607 1v
1232 1561 1278 1618 1,
1317 1561 1382 1607 33
1404 1571 1484 1620 sq.
2279 1557 2479 1608 Isidor.
2526 1571 2580 1618 p.
2620 1560 2738 1620 510,
2768 1546 2859 1607 24.

656 1663 929 1713 Faciunt
953 1662 1246 1725 savorem
1284 1668 1332 1711 et
1363 1661 1460 1710 illa
1491 1677 1662 1724 paene
1688 1677 1814 1711 com·

511 1751 710 1814 munia,
751 1764 861 1798 non
907 1755 1077 1797 tamen
1123 1746 1423 1813 omittenda,
1465 1745 1549 1796 ccl
1581 1746 1716 1808 ideo,
1751 1763 1819 1796 ne

517 1842 848 1898 occupentur.-
873 1841 1068 1901 optare,
1098 1833 1414 1896 abominari,
1448 1849 1678 1896 royare
1699 1869 1711 1882 .
1733 1870 1746 1885 .
1768 1874 1780 1887 .
1804 1873 1815 1884 .
1922 1832 2277 1884 benivolum
2302 1833 2649 1898 precando,

516 1925 654 1972 cuiue
675 1922 918 1986 (iudicia)
937 1921 1162 1972 animae.
1179 1963 1188 1971 .
1207 1937 1251 1984 p
1269 1919 1524 1970 recibue
1544 1961 1556 1973 .
1580 1960 1591 1971 .
1615 1923 1816 1984 agitan-

515 2009 612 2058 dus
648 2016 736 2061 eet.
772 2011 900 2058 Sunt
937 2014 985 2056 et
1020 2006 1120 2056 illa
1156 2007 1522 2057 excitandis
1559 2009 1632 2057 ad
1669 2007 1817 2056 andi-
1925 2014 2166 2057 attentum
2207 2007 2569 2073 excitando,

521 2095 702 2145 endum
739 2111 841 2144 non
891 2095 1121 2160 inutilia,
1159 2094 1208 2143 ei
1251 2111 1342 2143 nos
1375 2109 1536 2158 neque
1572 2094 1660 2144 diu
1707 2110 1817 2144 mo·

514 2189 720 2232 raturos
753 2197 912 2244 neque
951 2189 1098 2230 extra
1136 2199 1342 2231 causam
1379 2182 1598 2231 dicturos
1634 2182 1816 2231 meti-

518 2274 665 2321 ment.
725 2266 1008 2316 Docilcm
1066 2269 1175 2316 eine
1228 2267 1382 2316 dubio
1439 2273 1485 2316 et
1536 2266 1663 2316 haec
1695 2269 1819 2331 ipsa
1923 2267 2248 2318 docibilem
2288 2269 2679 2320 instruendo.

513 2361 752 2418 praestat
799 2357 1024 2415 attentio,
1063 2353 1156 2402 sed
1194 2360 1240 2402 et
1275 2353 1421 2413 illud,
1459 2353 1504 2402 εἰ
1539 2352 1820 2404 breviter

518 2449 572 2491 et
629 2439 912 2492 dilucide
947 2455 1236 2489 summam
1290 2443 1398 2506 rei,
1448 2439 1522 2490 de
1566 2457 1682 2502 qua
1721 2457 1816 2491 co-

516 2542 822 2592 ynoecerc
860 2525 1101 2590 debeat,
1139 2526 1652 2578 indicaverimus.

735 2669 972 2748 Neque
1018 2673 1277 2730 temere
1332 2668 1584 2731 Iulium
1635 2669 2082 2734 Severianum
2114 2677 2285 2750 puto
2333 2670 2499 2734 haec
2548 2672 2911 2751 scripsisse
2946 2671 3039 2751 (p.
3077 2674 3219 2746 357,

522 2781 599 2836 14
623 2774 784 2853 sq.):
832 2769 934 2832 De
965 2771 1308 2854 principiis
1339 2768 1507 2832 nihil
1531 2771 1752 2854 putavi
1794 2769 2143 2852 dicendum,
2198 2772 2454 2859 quando
2498 2773 2749 2860 quidem
2793 2771 2879 2835 ad
2910 2795 3004 2852 ea,
3054 2793 3219 2860 quae

519 2885 660 2938 arte
719 2871 1070 2938 scrutanda
1124 2883 1291 2953 sunt,
1365 2885 1647 2936 natura
1693 2873 1879 2938 duce
1926 2879 2181 2962 saepius
2242 2877 2609 2962 pervenitur
2640 2915 2737 2957 —‚
2802 2881 3015 2942 immo
3064 2897 3221 2941 eum

521 2982 701 3044 Celsi
768 2982 1125 3044 enuntiato
1207 2981 1508 3059 quodam
1575 2983 1942 3045 adductum
2021 3002 2171 3046 esse
2248 2986 2586 3062 existimo,
2663 2985 2854 3064 quod
2928 2985 3223 3047 fortasse

520 3090 857 3166 spectavit
920 3087 1126 3148 etiam
1194 3085 1676 3164 QuintilianuS,
1752 3105 1907 3150 cum
1955 3088 2051 3150 Iv
2102 3097 2156 3164 1,
2208 3093 2287 3152 52
2336 3089 2501 3152 haec
2567 3091 2763 3152 dicit:
2814 3089 2983 3172 ipsa
3044 3085 3217 3148 illum

519 3198 800 3251 natura
845 3209 914 3250 eo
959 3187 1164 3264 ducet,
1218 3197 1288 3248 ut
1332 3190 1511 3268 sciat,
1560 3189 1712 3272 quid
1755 3192 2028 3273 primum
2074 3189 2415 3254 dicendum
2458 3193 2555 3256 sit.

731 3295 1092 3357 Praeterea
1133 3296 1262 3356 hoc
1305 3295 1592 3357 adnoto:
1663 3295 1901 3358 Celsus
1951 3297 2103 3360 illas
2155 3298 2241 3360 de
2289 3295 2734 3359 narratione
2783 3303 3222 3378 quaestiones

524 3401 722 3463 ‘sitne
756 3417 1029 3479 semper
1063 3399 1509 3472 narrandum,
1545 3403 1720 3462 sitne
1767 3405 2007 3479 utique
2054 3405 2360 3465 narratio
2392 3407 2755 3483 prooemio
2803 3401 3222 3476 subicienda,

520 3506 814 3567 liceatne
869 3506 940 3564 in
990 3504 1509 3565 narrationibus
1557 3504 1782 3567 facere
1840 3509 2343 3582 excursionem,
2390 3525 2783 3570 sermonem
2828 3513 3135 3569 avertere
3183 3524 3220 3567 a

521 3610 763 3684 iudice,
798 3608 1056 3669 alienae
1090 3624 1426 3685 personae
1475 3626 1716 3670 vocem
1753 3610 1932 3682 dare,
1966 3613 2063 3672 uti
2100 3611 2514 3674 adfectibus’
2540 3613 2970 3675 *tractavit
3016 3617 3223 3690 atque

521 3714 863 3778 eiusmodi
913 3713 1366 3794 quaestiones
1399 3714 1471 3774 in
1517 3714 2025 3793 principiorum
2074 3721 2463 3798 praeceptis
2515 3718 2989 3780 describendis
3036 3717 3225 3779 vide·

523 3829 636 3882 tur
702 3818 1030 3896 attigisse.
1097 3817 1596 3888 Quintilianum
1663 3826 1908 3895 autem,
1976 3840 2129 3883 cum
2178 3825 2249 3883 in
2298 3823 2639 3884 eiusmodi
2684 3841 2795 3886 res
2845 3825 3044 3884 etiam
3092 3823 3222 3884 hoc

519 3926 673 3987 loco
733 3923 798 4002 (ξ
849 3925 927 3981 28
951 3941 1049 4000 sq.
1099 3921 1184 3982 de
1234 3921 1642 3998 adfectibus,
1709 3924 1793 3985 de
1844 3924 2005 3988 ficta
2070 3929 2401 4000 oratione,
2450 3924 2487 4009 ξ
2536 3933 2631 3988 63.
2681 3928 2768 3989 de
2816 3945 3137 3990 sermone
3184 3945 3222 3990 a

520 4027 744 4092 iudice
811 4045 1072 4102 averso,
1138 4027 1176 4105 ξ
1225 4033 1304 4089 72
1329 4045 1412 4090 ss.
1481 4029 1564 4089 de
1625 4035 2030 4108 quaestione
2096 4033 2251 4110 agit,
2301 4035 2476 4094 sitne
2540 4050 2812 4112 semper
2876 4031 3215 4112 prooemii

521 4134 713 4212 usus)
761 4133 1086 4212 inquirat,
1149 4150 1381 4194 nonne
1439 4133 1640 4196 etiam
1699 4137 1807 4197 hic
1858 4135 2129 4199 Celsum
2179 4141 2375 4216 sequi
2430 4143 2779 4200 auctorem
2837 4138 3219 4217 principem

520 4243 626 4300 est
671 4242 815 4300 veri
862 4239 1127 4301 simile?
2080 4293 2085 4298 .

727 4344 870 4405 Iam
920 4361 1089 4407 vero
1130 4341 1552 4422 aliquantum
1587 4346 2020 4409 discedemus
2056 4365 2093 4408 a
2124 4347 2555 4424 Morawskio,
2605 4347 2741 4424 qui,
2788 4348 2977 4426 quod
3009 4346 3221 4419 Quin—

520 4447 737 4508 tiliani
807 4448 1177 4526 disputatio
1245 4465 1447 4526 saepe
1517 4455 1843 4529 congruit
1905 4471 2060 4514 cum
2106 4455 2208 4527 iis,
2259 4470 2431 4532 quae
2478 4470 2859 4532 anonymus
2908 4453 3217 4532 Seguerii

525 4553 609 4612 de
659 4553 994 4614 orationis
1043 4555 1359 4630 partibus
1407 4555 1628 4632 habet,
1679 4555 1958 4619 Caecilii
2005 4565 2222 4619 artem
2274 4556 2468 4619 Fabii
2502 4557 2762 4619 fontem
2796 4558 3009 4619 fuisse
3062 4574 3220 4618 con-

524 4657 742 4741 clusit.
809 4656 1298 4728 Quintilianum
1368 4660 1929 4724 ‘adhibuisse....
1995 4663 2300 4725 libellum
2368 4664 2683 4742 aliquem,
2740 4666 2935 4726 cuius
2982 4669 3224 4727 auctor

525 4763 908 4826 doctrinam
958 4766 1042 4828 de
1088 4769 1400 4846 partibus
1445 4769 1780 4831 orationis
1833 4772 2171 4850 imprimis
2205 4771 2289 4831 ad
2341 4771 2747 4850 Apollodori
2780 4777 2846 4834 et
2878 4771 3221 4834 Theodori
