3567 5109
1478 327 1907 392 -99—

341 517 552 579 verba
601 517 954 594 adiecerit,
1003 521 1164 599 quia
1196 529 1481 601 praeter
1512 520 2009 584 cassiodorum
2056 520 2229 582 alios
2279 538 2558 600 quoque
2590 521 2811 584 libros
2858 521 3041 583 evol-

338 623 440 684 vit
475 629 544 684 et
587 624 910 703 inspexit,
959 643 1258 704 quorum
1305 625 1689 688 sententias
1737 627 1919 688 inter
1953 643 2027 689 se
2074 643 2495 705 componere
2528 627 2771 690 voluit.
2816 625 3045 689 Verba

341 723 514 787 iusta
559 733 621 786 et
665 724 828 788 bona
877 729 965 791 ad
1012 728 1520 801 Quintilianum
1569 729 1823 792 referri
1870 739 2178 810 possunt,
2228 730 2442 793 verba
2494 737 2719 793 autem
2769 727 2856 790 ad
2902 751 3042 814 per·

339 826 741 892 suadendum
815 834 886 895 in
919 837 1317 896 memoriam
1368 841 1704 896 revocant
1745 834 2211 913 fragmentum
2245 837 2281 895 2
2329 853 2413 898 ex
2449 833 2630 898 Celsi
2677 835 3044 912 rhetorica,

339 934 460 998 ubi
531 933 734 1014 finem
823 934 1160 997 rhetoricen
1251 942 1344 1001 ait
1420 933 1626 997 dicere
1713 935 2349 1018 persuasibiliter
2444 936 2508 998 in
2585 935 2781 999 dubia
2860 937 3045 1000 viz-ili

340 1039 632 1105 materia.

547 1145 792 1226 Capite
837 1147 1144 1210 secundo
1193 1148 1510 1210 Isidorus
1555 1149 1701 1227 agit
1745 1148 1831 1209 de
1878 1147 2366 1211 inventoribus
2415 1149 2805 1211 rhetoricae
2854 1149 3046 1212 artis,

339 1253 679 1314 Mentione
743 1252 959 1331 digna
1025 1259 1188 1314 sunt
1256 1271 1353 1329 ea,
1419 1271 1595 1331 quae
1661 1253 1792 1316 hoc
1858 1253 2012 1316 loco
2066 1253 2150 1316 de
2206 1255 2428 1315 Tullio
2496 1259 2565 1316 et
2616 1252 3043 1324 Quintiliano

339 1355 615 1418 scribit:
674 1363 732 1416 et
785 1353 1114 1417 translata
1164 1354 1228 1417 in
1277 1353 1584 1418 Latinum
1628 1377 1670 1416 a
1726 1354 1941 1417 Tullio
1986 1354 2284 1418 videlieet
2332 1363 2391 1417 et
2448 1354 2881 1434 Quintiliano,
2938 1353 3047 1416 aed

341 1458 436 1520 ita
504 1457 770 1541 copiose,
828 1459 922 1520 e'ta
971 1459 1167 1538 varie,
1228 1468 1300 1520 ut
1361 1481 1500 1521 eam
1567 1459 1789 1522 lectori
1857 1458 2182 1523 admirari
2246 1460 2311 1522 in
2365 1469 2671 1545 promptu-
2733 1459 2839 1538 sit,
2906 1481 3045 1522 con-

333 1561 721 1646 prehendere
789 1561 1174 1647 inpoam'be’le.
1243 1571 1298 1630 2.
1368 1563 1544 1625 Nam
1607 1563 1991 1627 membranis
2054 1564 2325 1628 retentis
2390 1563 2581 1647 quaa?
2647 1561 3045 1626 adhaerescit

339 1666 672 1730 memoriae
691 1666 886 1730 series
929 1665 1254 1748 dictionias,
1301 1691 1379 1730 αι·
1430 1691 1575 1730 moa·
1618 1668 1923 1751 repositis
1970 1667 2333 1732 recordatio
2378 1669 2583 1730 omnin
2628 1667 2920 1735 elabitur.
2962 1704 3046 1715 —

337 1775 664 1837 Fortasse
721 1792 804 1836 ex
862 1773 970 1836 his
1021 1776 1254 1838 verbis
1301 1775 1650 1837 Isidorum
1709 1776 1921 1839 alium
1980 1776 2324 1855 quendam
2376 1776 2781 1838 adhibuisse
2830 1775 3043 1855 scrip·

339 1890 580 1956 torem,
649 1880 766 1959 qui
831 1898 968 1942 non
1038 1877 1134 1940 ita
1201 1877 1464 1960 copiose,
1535 1878 1632 1940 ita
1682 1878 1857 1940 varie
1905 1881 2285 1961 scripserit,
2342 1883 2492 1944 sive
2538 1881 2768 1956 talem,
2818 1879 3047 1959 qualis

339 1984 774 2046 commo-dius
836 1991 1213 2065 praecepta
1272 1985 1713 2066 excerpenda
1779 1984 2205 2064 praebuerit,
2271 1986 2588 2048 conicere
2654 2003 3045 2065 possumuS,

338 2089 434 2152 ita
489 2096 565 2151 ut
619 2089 767 2152 eius
821 2090 1151 2168 princeps
1207 2088 1366 2151 fons
1425 2108 1562 2152 non
1619 2090 1866 2154 Cicero
1935 2090 2025 2152 sit
2082 2109 2307 2170 neque
2366 2091 2858 2168 Quintilianus,
2924 2089 3047 2151 sed

339 2194 516 2256 alius
581 2194 882 2273 quidam.
961 2195 1050 2256 Et
1113 2193 1430 2273 profecto
1497 2197 1666 2257 haec
1731 2195 2040 2275 suspicio
2092 2194 2648 2271 confirmabitur,
2714 2198 2772 2257 si
2820 2193 3045 2274 capita

338 2298 610 2376 singula
661 2299 1057 2362 accuratius
1105 2299 1803 2362 consideraverimus,

549 2406 694 2466 Iam
763 2406 832 2465 in
889 2405 1118 2483 capite
1175 2409 1428 2482 quarto
1488 2404 1827 2482 quaedam
1886 2404 2229 2483 leguntur,
2288 2421 2466 2482 quae
2523 2421 2747 2482 neque
2806 2420 2889 2465 ex
2940 2403 3047 2464 Ci-

339 2525 594 2571 cerone
672 2526 894 2586 neque
970 2526 1052 2569 ex
1119 2506 1552 2578 Quintiliano
1629 2526 1856 2587 neque
1931 2526 2015 2570 ex
2084 2509 2315 2587 aliquo
2380 2507 2738 2570 inferioris
2802 2510 3048 2569 aetatis

339 2613 681 2693 scriptore
731 2619 1008 2692 sumpta
1048 2628 1198 2675 esse
1238 2619 1548 2690 possunt.
1601 2613 1994 2692 Episcopus
2034 2613 2217 2675 enim
2260 2612 2697 2692 Hispalensis
2735 2611 3044 2674 'ordinem

345 2719 680 2796 sequitur,
746 2735 951 2796 quem
1015 2717 1199 2795 apud
1263 2716 1436 2778 alios
1503 2716 1761 2780 frustra
1810 2735 2138 2797 quaeras:
2206 2736 2432 2796 ‚qenera
2505 2735 2851 2777 ‹uuam-um
2920 2713 3045 2775 tria

346 2828 532 2883 aunt:
581 2817 1084 2898 deliba-atinum,
1135 2817 1725 2894 demonatratimm,
1775 2819 2104 2896 iudiciale,
2155 2841 2311 2885 cum
2360 2824 2571 2886 ceteri
2622 2822 2754 2883 hoc
2805 2821 3051 2884 ordine

345 2934 755 2988 enumerent
801 2945 1056 3006 genera
1107 2943 1502 2988 causarum:
1561 2922 2129 2986 demonstratio-um
2181 2927 2523 3006 (Quintil.:
2589 2921 3051 3006 laudatio-um),

343 3026 849 3106 deliberatio-um,
908 3027 1235 3104 iudiciale,
1300 3030 1514 3094 veluti
1564 3037 1809 3094 auctor
1855 3032 1939 3094 ad
1990 3033 2147 3093 Her.
2197 3033 2228 3092 I
2278 3037 2347 3107 23
2400 3030 2642 3092 Cicero
2694 3029 2777 3092 de
2825 3030 2971 3091 Inv.
3020 3030 3051 3090 I

346 3139 414 3211 ’ἲς
466 3134 750 3206 Quintil.
797 3136 1018 3198 Instit.
1069 3154 1165 3197 or.
1213 3133 1318 3197 III
1367 3142 1422 3210 3,
1477 3139 1553 3196 12
1588 3153 1706 3212 ss,
1762 3137 2224 3198 Cassiodorus
2272 3155 2334 3215 p.
2396 3141 2543 3208 495,
2595 3139 2675 3196 27
2740 3153 2847 3212 ss,‚
2913 3134 3053 3196 alii.

343 3239 608 3302 Deinde
674 3257 806 3318 qua
871 3257 950 3301 re
998 3241 1315 3303 suasoria
1363 3258 1398 3301 a
1457 3240 1913 3303 deliberativa
1969 3241 2254 3303 differat
2299 3249 2368 3304 et
2414 3241 2605 3303 locus
2664 3239 3052 3301 eommunis

341 3362 378 3405 a
426 3343 946 3424 vituperatione
992 3345 1276 3408 indicat.
1324 3345 1639 3424 Denique
1699 3346 1784 3407 ad
1834 3347 2108 3408 laudem
2184 3344 2671 3407 illustrandam
2738 3345 3055 3422 exempla

342 3447 572 3521 adicit,
623 3467 800 3527 quae
847 3450 1081 3511 nullus
1129 3448 1305 3510 alius
1363 3450 1667 3529 scriptor
1723 3450 1967 3512 adfert.
2044 3451 2395 3511 Isidorum
2470 3452 2698 3528 ipsum
2778 3465 2856 3509 ea
2935 3455 3053 3509 aut

342 3569 640 3615 novasse
705 3560 823 3616 aut
889 3554 1229 3617 adiecisse
1280 3556 1394 3615 vix
1463 3554 1653 3615 credi
1715 3560 1976 3634 potest;
2047 3572 2261 3633 quare
2328 3573 2481 3616 eum
2553 3560 2838 3615 auctore
2900 3570 3052 3614 esse

339 3674 564 3734 usum,
614 3676 819 3736 quem
869 3677 998 3721 nos
1030 3677 1172 3720 non
1220 3661 1557 3734 novimuS,
1604 3659 2058 3738 suspicamur.
2106 3658 2530 3729 Quintiliano
2574 3663 2801 3718 autem
2870 3657 3053 3719 hunc

340 3761 771 3841 scriptorem,
867 3781 952 3825 ex
1048 3779 1184 3841 quo
1260 3761 1612 3824 Isidorum
1710 3763 1827 3825 illa
1902 3763 2359 3840 exscripsisse
2445 3763 2832 3837 statuimuS,
2912 3779 3051 3822 non

338 3864 660 3942 ignotum
709 3867 924 3930 fuisse
974 3868 1258 3948 colligas
1305 3885 1390 3929 ex
1439 3868 1568 3930 hae
1614 3868 2170 3948 comparatione:

661 4109 894 4164 Quintil.
936 4111 1022 4158 111
1069 4113 1116 4172 4,
1161 4112 1220 4160 12
1245 4125 1310 4159 ss,
2080 4109 2279 4157 Isidor.
2319 4123 2371 4170 p.
2412 4111 2530 4165 508,
2574 4113 2593 4158 1
2642 4105 2703 4157 H.

481 4211 574 4260 Est,
612 4214 778 4278 iyt'mr,
833 4219 886 4262 uc
923 4213 1049 4276 dixi,
1097 4230 1250 4262 unum
1305 4230 1480 4277 ymas,
1545 4231 1638 4278 qno
1891 4213 2567 4274 1)cmonaetralt'vum,t'n
2590 4229 2681 4277 quo
2702 4211 2967 4260 laudabv'
2978 4211 3056 4259 1222

339 4297 454 4346 que
479 4314 544 4346 ae
566 4300 870 4362 vitvtpemtio
895 4300 1186 4360 concinetur,
1225 4299 1318 4348 ml
1354 4306 1428 4348 eet
1453 4301 1633 4362 appel·
1739 4317 1970 4364 persona
2031 4307 2122 4348 aut
2173 4297 2707 4362 reprehensibilis
2755 4297 3053 4350 ostenditur.

337 4383 494 4434 latum
534 4402 568 4434 α
601 4392 758 4448 parte
815 4385 1020 4436 meliore
1077 4385 1421 4435 laudativum.-
1479 4387 1636 4437 idem
1888 4403 1941 4440 v.
1983 4391 2045 4438 12
2066 4402 2173 4449 sq.:
2216 4386 2799 4435 Dentonem-aticum
2850 4383 3053 4446 dictum,

335 4473 454 4520 alii
487 4475 1058 4524 demonstrativum
1083 4481 1326 4525 vocant.
1371 4473 1640 4540 Utrumque
1749 4473 1884 4538 qnod
1942 4487 2345 4536 unamquamque
2408 4488 2514 4522 rem
2587 4478 2677 4520 auc
2723 4471 3055 4522 laudando

335 4575 512 4608 nomen
539 4575 603 4608 ex
641 4558 840 4608 Graeco
875 4559 1336 4621 creditur-fluxisse
1363 4599 1374 4610 .
1403 4600 1414 4612 .
1444 4599 1457 4612 .
1488 4601 1497 4610 .
1538 4559 1643 4610 Sed
1753 4569 1843 4611 aut
1880 4559 2305 4628 vituperando
2342 4559 2753 4610 demonstrat.

335 4645 458 4695 mila·
503 4641 862 4698 ἐπιδεκτικόν
913 4663 1012 4696 non
1051 4654 1156 4696 tam
1203 4647 1642 4697 demonum-ationis

333 4735 434 4784 vim
495 4731 685 4784 habere
745 4751 898 4801 quam
957 4736 1308 4787 ostentationis
1354 4734 1554 4784 videtur
1599 4741 1645 4784 rt

341 4821 546 4876 multum
586 4823 652 4880 ab
677 4823 766 4874 illo
800 4817 1204 4898 ἐγκωμιαστικῷ
1231 4821 1444 4898 diffm‘
1471 4861 1482 4878 .
1511 4862 1522 4883 .
1553 4863 1564 4890 ,
1591 4863 1603 4878 .
1633 4861 1643 4876 .
