3567 5109
1775 321 2258 385 -164—

651 535 936 601 scribere
981 556 1117 599 non
1166 533 1514 613 dubitavit;
1560 530 1629 597 A
1652 535 1775 600 571
1830 554 2069 618 maqua
2110 533 2501 598 sonantibus
2542 531 2551 616 Ι
2590 532 2797 596 exeita
2838 532 3023 596 saxis
3068 532 3245 596 echo.
3300 568 3383 579 —-

657 643 969 726 Figuram
1035 639 1630 726 etymologicam
1694 639 1961 705 exhibet
2021 636 2314 722 A347s8
2368 638 2647 702 discidia
2696 643 3027 704 amantem
3080 639 3383 702 scindere

651 750 878 814 turbat
919 749 1208 832 vulqum,
1255 747 1374 812 sed
1421 748 1630 831 magis
1676 747 1895 830 poesis
1940 743 2389 811 Ribbeckiana
2438 751 2543 809 est
2586 765 2783 827 quam
2828 741 3175 810 Acciana:
3230 743 3381 808 libri

650 856 936 939 graviter
981 853 1233 920 foedati
1281 854 1530 918 habent
1573 854 1883 937 diffidam
1926 858 2147 918 antem
2188 873 2272 917 ne
2316 853 2540 918 cidere.
2590 850 2851 929 Melius,
2898 851 3167 934 opinor,
3216 851 3381 916 Rib-

647 961 816 1027 beck
861 967 1000 1026 tam
1045 960 1410 1044 desperatis
1456 960 1622 1025 locis
1667 960 2004 1025 contraria
2048 958 2303 1024 ratione
2348 959 2518 1024 inita
2562 957 2779 1024 tristia
2820 957 3133 1036 frustula,
3186 965 3267 1022 ut
3312 959 3379 1022 in

647 1067 986 1134 codicibus
1050 1066 1376 1150 leguntur,
1443 1067 1512 1132 in
1573 1073 1762 1132 textu
1816 1066 2163 1149 posuisset,
2232 1070 2303 1130 at
2366 1064 2823 1149 supplementa
2884 1086 3005 1130 sua
3072 1067 3381 1150 quamvis

647 1181 886 1258 arguta
929 1174 1000 1239 in
1047 1173 1472 1239 adnotatione
1519 1172 1981 1238 subiunxisset„

861 1280 1106 1349 Verbis
1161 1279 1517 1346 movendi
1581 1279 1845 1346 additus
1908 1284 2011 1344 est
2074 1279 2484 1344 accusativus
2538 1277 2897 1344 secundum
2954 1300 3379 1344 communem

645 1409 866 1454 usum:
915 1387 974 1452 P
997 1390 1118 1452 121
1172 1389 1454 1473 Delphos
1500 1409 1738 1452 venum
1773 1408 1977 1472 pecus
2022 1386 2139 1470 eyl,
2188 1387 2315 1452 218
2362 1387 2600 1451 accessi
2634 1388 2928 1468 Aeaeam,
2978 1387 3113 1452 249
3166 1386 3379 1471 Spar·

646 1502 784 1562 tam
827 1500 1173 1579 reportare,
1239 1493 1306 1559 A
1353 1496 1483 1560 283
1531 1495 1738 1578 Aryos
1792 1494 2091 1577 referam,
2158 1493 2287 1558 370
2338 1493 2739 1558 Salaminem
2788 1494 3080 1575 avebam,
3146 1514 3250 1576 pr.
3290 1496 3371 1556 41

643 1607 944 1668 nostram
997 1601 1250 1666 det-enit
1300 1602 1593 1681 domum3
1659 1599 1959 1664 liberius:
2016 1598 2075 1663 P
2096 1601 2223 1664 252
2270 1600 2552 1666 Aetnam
2604 1606 2885 1666 montem
2938 1600 3264 1665 adveniol
3308 1608 3375 1662 et

641 1707 854 1774 A599
891 1709 1092 1772 iussit
1116 1708 1456 1792 proficisci
1478 1707 1784 1772 exsilium
1813 1707 2041 1792 quovis
2070 1707 2384 1791 yentlum,
2421 1712 2683 1789 praeter
2712 1704 3095 1772 Gellianum
3122 1705 3233 1788 (Π
3260 1709 3348 1770 29
3356 1723 3375 1786 j

639 1816 752 1900 fae
795 1815 1038 1879 amieos
1081 1835 1191 1880 eas
1234 1819 1298 1880 et
1339 1835 1537 1898 royes,
1605 1813 1784 1898 quod
1830 1819 2007 1878 recte
2052 1812 2405 1896 Landgraf
2408 1813 2433 1853 ³
2496 1813 2717 1878 Ennio
2764 1812 3141 1892 vindicavit,
3194 1814 3373 1878 anti-

641 1922 1032 2005 quissimum
1079 1919 1467 2004 exemplum,
1517 1941 1648 2004 quo
1697 1919 2080 2004 appellativi
2126 1920 2537 1986 accusativus
2590 1919 2765 1984 hunc
2812 1921 2883 1984 in
2928 1918 3205 1984 modum
3252 1941 3369 2003 po-

637 2029 841 2094 nitur.
933 2026 1065 2092 Per
1127 2048 1412 2094 errorem
1465 2026 1814 2110 Landgraf
1866 2026 2078 2111 (ibid.)
2132 2025 2285 2092 huic
2340 2025 2486 2092 loco
2534 2026 2729 2092 fidem
2776 2025 3145 2110 abrogavit,
3218 2048 3371 2092 cum

637 2134 895 2200 scribit:
947 2132 1045 2199 ‘A
1067 2137 1194 2200 599
1241 2184 1255 2199 .
1297 2183 1311 2198 .
1359 2134 1480 2200 hat
1523 2134 1712 2199 keine
1757 2133 1927 2198 volle
1978 2131 2371 2218 Giiltigkeit,
2434 2132 2522 2198 da
2574 2133 2717 2198 hier
2760 2132 2841 2198 L.
2886 2132 3137 2198 Miiller
3182 2133 3259 2199 N
3262 2157 3365 2198 on.

645 2243 794 2320 185,
845 2244 884 2306 6
931 2240 1051 2304 mit
1086 2241 1174 2306 M
1207 2240 1360 2305 liest
1407 2242 1604 2305 lussit
1637 2241 1977 2325 proficisci
2016 2262 2271 2325 quoquo
2307 2241 2408 2306 vis
2438 2247 2707 2325 yentum
2750 2241 3097 2306 exulem’.
3160 2239 3367 2323 Fugit

637 2348 849 2412 virum
915 2347 1364 2412 doctissimum
1427 2348 1499 2413 in
1553 2346 1856 2412 Muelleri
1915 2347 2203 2412 editione
2250 2346 2565 2414 Noniana
2610 2349 2699 2412 M
2740 2368 2876 2412 non
2932 2367 3076 2412 esse
3132 2355 3365 2412 notam

635 2454 888 2519 codicis
933 2453 1295 2535 cuiusdam,
1361 2454 1560 2518 immo
1607 2453 1917 2534 litteram,
1984 2476 2119 2537 qua
2163 2454 2575 2520 coniecturas
2620 2453 2703 2519 ab
2750 2455 2896 2537 ipso
2943 2454 3365 2537 excogitatas

633 2561 984 2644 significat.
1077 2559 1264 2626 Libri
1311 2582 1460 2626 raro
1509 2560 1688 2643 apud
1733 2561 1803 2626 N
1806 2561 2031 2626 onium
2086 2582 2409 2626 consensu
2454 2581 2709 2626 versum
2754 2561 2849 2626 ita
2894 2559 3243 2644 praebent,
3290 2569 3361 2624 ut

633 2667 934 2733 Ribbeck
979 2667 1203 2732 edidit.
1266 2666 1492 2750 Atque
1539 2689 1687 2732 cum
1733 2667 1979 2732 similes
2023 2667 2389 2734 locutiones
2432 2668 2787 2754 exsequens,
2832 2669 3192 2753 suppetias,
3247 2669 3355 2732 in-

631 2775 819 2860 fitias
853 2775 950 2840 ire
985 2775 1244 2858 priscae
1281 2774 1554 2857 originis
1591 2775 1743 2853 sint,
1782 2773 2066 2840 Mueller
2102 2773 2451 2840 lectionem
2483 2773 2800 2841 traditam
2836 2772 3121 2839 calidius
3159 2796 3361 2859 quam

631 2879 940 2946 callidius
969 2882 1320 2947 mutavisse
1350 2879 1684 2964 putandus
1711 2888 1833 2947 est.
1864 2919 1947 2930 —
1977 2881 2110 2946 Hic
2139 2883 2383 2948 mentio
2414 2881 2531 2947 fiat
2558 2881 2933 2960 accusativi,
2976 2882 3091 2965 qui
3129 2880 3353 2964 lingua

629 2987 926 3053 nondum
971 2987 1200 3054 adulta
1255 2987 1776 3053 substantivis
1832 2994 2246 3073 aggregatur,
2288 2987 2565 3073 proinde
2612 3009 2689 3054 ac
2736 2988 2793 3052 si
2837 2987 3129 3066 verbum,
3178 2988 3355 3053 unde

629 3095 930 3160 derivata
975 3101 1148 3174 sunt,
1195 3094 1483 3180 positum
1521 3100 1712 3160 esset.
1761 3095 1997 3161 Latius
2032 3095 2197 3161 haec
2232 3094 2502 3161 licentia
2540 3094 2721 3178 apud
2754 3094 3071 3160 Plautum
3110 3101 3299 3178 patet
3312 3095 3351 3172 ³,

627 3201 869 3284 tragici
923 3201 1380 3266 tantummodo
1433 3203 1700 3267 domum
1755 3203 2024 3268 itionem
2069 3202 2415 3286 compositi
2469 3201 2681 3268 instar
2722 3209 3075 3286 usurpant:
3142 3201 3353 3278 Pl'l3

625 3309 1164 3374 domnmitionem
1207 3309 1395 3390 dedit,
1442 3308 1510 3373 A
1535 3310 1661 3373 173
1707 3309 1791 3373 ab
1826 3310 2221 3375 domuitione
2256 3331 2490 3389 arcere,
2536 3309 2665 3374 inc.
2690 3309 2817 3375 inc.
2846 3307 2925 3374 fr.
2953 3310 3040 3374 26
3086 3311 3355 3374 domum

627 3415 900 3478 itionem
939 3467 952 3478 .
999 3465 1014 3481 .
1055 3421 1324 3500 parant,
1372 3417 1454 3480 27
1503 3417 1768 3480 domum
1814 3417 2042 3481 ilionis
2085 3417 2327 3500 cupidi.

845 3518 1150 3603 Spatium
1204 3521 1596 3606 temporis,
1663 3543 1781 3604 per
1828 3521 2006 3606 quod
2054 3523 2225 3588 actio
2274 3523 2601 3607 quaedam
2652 3521 2748 3603 fit,
2815 3525 3193 3589 accusativo
3240 3545 3351 3602 ex·

628 3647 926 3710 pressum
972 3633 1100 3691 est:
1149 3626 1207 3690 P
1228 3628 1357 3692 396
1393 3634 1746 3712 postquam
1790 3630 2128 3694 calamitas
2173 3632 2535 3715 complures
2578 3651 2791 3696 annos
2832 3652 3031 3695 arvos
3068 3632 3353 3696 calvitur

624 3739 714 3812 et,
764 3733 818 3797 si
865 3739 1040 3798 recte
1087 3733 1503 3816 interpretor,
1550 3733 1608 3797 P
1632 3737 1714 3799 10
1758 3735 2054 3818 frendere
2090 3743 2319 3820 noete-5,
2358 3737 2599 3804 misera
2632 3759 2797 3822 quos
2822 3734 3139 3823 perpessa
3172 3759 3343 3802 sum.

625 3837 778 3922 Qua
839 3839 910 3904 in
972 3861 1040 3904 re
1107 3862 1361 3906 mecum
1423 3839 1637 3905 lexica
1701 3849 2021 3926 pugnant,
2086 3865 2257 3927 quae
2320 3865 2453 3909 una
2516 3865 2673 3910 voce
2730 3843 3063 3927 explicant
3118 3851 3347 3910 ‘etwas

624 3945 1024 4011 knirschend
1066 3946 1438 4030 beklagen',
1487 3955 1554 4013 et
1599 3947 1958 4013 Ribbeek⁴.
2030 3947 2129 4014 At
2176 3949 2539 4034 Antiopam
2584 3949 2963 4034 loquentem
3008 3950 3227 4016 facere
3276 3971 3345 4015 se

621 4052 974 4135 deplorare
1020 4059 1268 4134 noctes,
1333 4074 1501 4138 quas
1556 4076 1870 4137 perpessa
1928 4055 2032 4135 sit,
2096 4078 2233 4122 non
2286 4057 2533 4140 placet3
2600 4058 2948 4138 cruciatuS,
3016 4057 3255 4142 quibus
3302 4079 3347 4122 a

620 4159 847 4239 Dirce,
915 4159 1364 4226 crudelissima
1413 4160 1577 4244 Lyci
1631 4182 1855 4242 uxore,
1922 4162 2303 4244 vexabatur,
2370 4163 2519 4230 filiis
2576 4185 2720 4228 eam
2774 4185 3083 4230 enarrare
3130 4166 3343 4247 magis

618 4266 970 4332 convenire
1017 4267 1295 4334 videtur.
1389 4266 1724 4348 Sollerter,
1783 4268 1903 4333 sed
1956 4291 2089 4335 non
2144 4276 2321 4336 recte
2375 4269 2454 4335 L.
2502 4269 2782 4336 Mueller
2827 4271 2949 4352 (De
2996 4273 3149 4337 Pae.
3199 4271 3335 4355 fab.

839 4459 860 4494 ¹
896 4461 950 4514 A
970 4462 1074 4516 602
1121 4461 1236 4527 Qui
1267 4463 1366 4518 uhi
1399 4463 1474 4516 ad
1509 4463 1811 4518 Dircaeum
1844 4463 2051 4532 fontem
2084 4465 2381 4520 adomim&
2418 4463 2762 4520 Ribbeckius
2796 4483 2900 4535 pro
2928 4464 3188 4522 cod-icum
3216 4483 3339 4522 cor·

615 4547 845 4616 ruptela
882 4548 1046 4618 (quin
1083 4550 1146 4602 id
1179 4551 1390 4604 circaeo
1425 4551 1594 4619 fonte)
1629 4552 1981 4620 periclitatus
2018 4557 2119 4620 est,
2156 4553 2309 4607 haud
2345 4554 2459 4608 scio
2498 4571 2570 4607 an
2606 4556 2790 4608 minus
2826 4553 3086 4612 feliciter.

838 4635 860 4668 ²
897 4635 1038 4690 ‘Der
1073 4637 1221 4691 Akk.
1261 4637 1360 4692 der
1397 4637 1713 4708 Richtung’
1753 4639 1951 4695 ‘Ax-ch.
1988 4639 2029 4694 f.
2068 4642 2164 4696 lat.
2202 4641 2360 4696 Lex.’
2398 4641 2453 4696 X
2490 4643 2611 4697 395.

837 4722 860 4756 ³
895 4722 1187 4792 Landgraf
1223 4726 1261 4780 l.
1297 4727 1333 4778 l.
1371 4744 1424 4794 p.
1453 4727 1577 4783 400.

839 4809 860 4842 ⁴
897 4810 1088 4864 ‘Rem
1129 4811 1431 4882 Tragiidie’
1469 4831 1523 4883 p.
1553 4816 1674 4870 293.
