3567 5109
1449 297 1889 360 -97—

308 533 456 576 cum
505 513 744 590 omnia,
795 531 963 594 quae
1009 531 1091 574 ex
1137 507 1476 574 Ciceronis
1520 508 1787 590 ingenio
1826 506 2171 586 fluxerunt,
2223 513 2361 570 tum
2398 505 2547 570 libri
2587 506 2667 570 de
2705 511 2845 569 arte
2880 503 3028 569 rhe-

305 619 516 684 torica
563 618 842 682 maxime
888 614 1382 700 probabantur?
1457 614 1644 699 Quae
1693 614 2033 680 Ciceronis
2094 615 2371 678 oratoris
2427 611 2793 677 aestimatio
2839 616 3029 676 tanta

309 731 472 805 erat,
519 731 597 789 ut
642 745 789 790 eum
827 744 1083 806 semper
1119 723 1188 786 in
1225 721 1358 787 illis
1398 743 1678 805 quoque,
1731 742 1896 804 quos
1935 722 2284 804 episcopus
2323 721 2605 803 scripsit,
2644 717 2829 784 libris
2864 739 3022 782 aue·

311 840 510 898 torem
564 831 854 895 Romani
905 831 1181 914 eloqu-ii1
1238 828 1341 893 vel
1393 851 1712 913 maynwm
1767 834 2095 893 auctorem
2149 828 2545 911 eloquentiae
2604 823 2971 908 appellaret
2982 825 3027 886 ².

523 936 744 1022 Quare
782 935 1129 1002 adfirmare
1167 959 1303 1002 non
1343 934 1718 1001 dubitamus
1755 954 1925 1016 eum,
1964 936 2117 1019 qui,
2156 957 2347 1018 quae
2378 935 2639 999 Cicero
2676 934 2762 996 in
2798 932 3031 996 libris

307 1047 404 1110 acl
437 1051 680 1110 artem
713 1044 1182 1108 rhetoricam
1217 1043 1761 1127 spectantibus
1791 1043 2257 1126 praecipiat,
2296 1046 2701 1126 perspecta
2740 1039 3027 1118 habeat,

309 1153 720 1215 masalmam
749 1171 1040 1234 quoque
1062 1151 1499 1233 Auqustini
1526 1150 2093 1214 rhetoricorum
2111 1155 2705 1232 praeceptorum
2726 1150 3031 1229 partem

305 1258 694 1340 eoynitam
738 1258 1075 1321 habere-³.

519 1363 883 1428 Maximam
904 1369 1160 1446 partem
1183 1363 1360 1444 dico;
1392 1383 1675 1446 namque
1695 1365 1762 1441 ii,
1789 1363 1899 1444 qui
1920 1367 2127 1440 tanto,
2148 1367 2395 1444 quanto
2415 1358 2852 1442 AugustinuS,
2877 1361 3031 1420 sunt

305 1471 593 1552 ingeniO,
644 1476 818 1535 certe
856 1471 927 1534 in
963 1469 1230 1549 nulline,
1271 1490 1354 1534 ne
1393 1491 1617 1535 eorum
1656 1469 1941 1553 quidem,
1984 1489 2259 1552 quorum
2296 1467 2563 1549 ingenia
2600 1465 3029 1542 admirantur,

307 1576 506 1641 verba
543 1577 786 1656 iurant,
827 1576 942 1641 sed
975 1599 1200 1642 omnes
1239 1576 1601 1642 sententias
1639 1597 1756 1640 suo
1794 1575 2041 1641 iudicio
2080 1574 2432 1653 subiciunt,
2472 1573 2825 1656 corrigunt,
2866 1592 3030 1635 non-

304 1682 492 1748 nulla
540 1683 866 1762 omittunt,
912 1682 1047 1748 alia
1093 1684 1364 1750 addunt.
1435 1683 1670 1767 Neque
1719 1682 1989 1747 dubium
2030 1689 2148 1762 est,
2192 1682 2349 1764 quin
2388 1679 2580 1745 aliter
2616 1679 3031 1761 Augustinus

307 1790 693 1856 adulescens
743 1791 822 1855 de
871 1797 1012 1855 arte
1057 1791 1323 1856 dicendi
1367 1790 1774 1870 iudicaverit,
1826 1813 1973 1855 cum
2020 1811 2252 1854 sacrae
2296 1787 2555 1853 litterae
2602 1788 2781 1852 haud
2806 1788 3025 1870 place·-

310 1903 456 1961 rent
498 1899 574 1978 ei,
623 1899 780 1980 quia
815 1919 1107 1962 sermone
1141 1899 1472 1981 fairie‘liari
1505 1904 1565 1962 et
1599 1898 1921 1962 cotidiano
1957 1899 2252 1981 scriptae,
2298 1897 2585 1960 medium
2620 1916 2663 1958 a
2704 1891 3031 1957 Ciceronis

305 2004 596 2086 eleyanti,
633 2005 943 2088 erpeclita,
990 2005 1181 2088 facile
1218 2011 1514 2070 cut-iente
1551 2005 1842 2068 oratione
1868 2010 1931 2068 et
1952 2004 2232 2087 floribus
2268 2002 2524 2066 dicen-di
2551 2001 2972 2066 abhorrerent
2982 1997 3029 2078 ⁴,

307 2109 500 2174 aliter
546 2130 693 2174 cum
741 2112 964 2174 ‘rebus
1011 2112 1256 2176 talibus
1299 2112 1601 2176 satiatae'
1653 2117 1877 2175 essent
1922 2131 2132 2189 aures,
2184 2131 2333 2173 cum
2380 2129 2513 2172 non
2560 2107 2707 2171 ideo
2755 2102 3031 2169 meliora

305 2217 448 2279 visa
503 2224 741 2300 essent,
811 2219 994 2301 ‘quia
1054 2219 1285 2281 melius
1339 2220 1527 2298 dieta,
1593 2239 1708 2281 nec
1761 2219 1903 2283 ideo
1956 2239 2135 2296 vera,
2193 2217 2353 2300 quia
2406 2215 2663 2294 diserta,
2720 2234 2835 2276 nec
2888 2211 3029 2274 ideo

521 2390 538 2422 ¹
577 2390 659 2443 De
699 2391 878 2445 doctr.
919 2391 1047 2446 Chr.
1087 2393 1177 2446 IV
1219 2394 1302 2460 17,
1340 2394 1425 2446 34.

518 2478 540 2512 ²
579 2480 661 2533 De
690 2479 968 2534 Trinitate
1005 2479 1152 2536 XIV
1180 2482 1232 2548 9,
1264 2482 1358 2534 12:
1399 2482 1478 2534 De
1513 2481 1773 2535 omnibus
1812 2487 1996 2534 tamen.
2032 2487 2289 2550 quattuor
2323 2497 2602 2548 maynus
2639 2481 2875 2531 auctor
2910 2475 3029 2527 elo-

303 2569 616 2635 quentiae
661 2569 872 2624 Tullius
909 2571 974 2624 in
1011 2571 1301 2624 Hortensio
1337 2571 1553 2639 dialoyo
1589 2571 1915 2640 disputans:
1958 2571 2027 2623 Si
2066 2570 2239 2636 nobiS,
2278 2570 2479 2638 inquit,
2518 2585 2643 2621 cum
2678 2585 2742 2619 ex
2777 2565 2879 2618 liae
2917 2562 3033 2616 vita

302 2658 774 2730 eme'yraverimm,
831 2660 896 2712 in
941 2661 1216 2714 beatorum
1266 2660 1474 2714 insulis
1506 2702 1517 2713 .
1549 2701 1562 2713 .
1594 2702 1604 2713 .
1640 2702 1651 2713 .
1697 2661 1881 2727 deflere
1926 2660 2107 2714 liceret
2139 2700 2150 2712 .
2183 2701 2195 2712 .
2228 2700 2239 2712 .
2274 2699 2285 2710 .
2317 2700 2330 2726 ,
2386 2658 2521 2726 quid
2566 2672 2701 2724 opus
2746 2658 2879 2707 esset
2922 2652 3028 2704 elo-

301 2745 568 2812 quentia?
605 2787 794 2800 .....
834 2749 922 2802 Ita
960 2749 1078 2802 ille
1116 2754 1346 2802 tantus
1385 2754 1628 2802 orator.

521 2834 542 2868 ³
567 2834 697 2890 Hoc
726 2837 852 2890 loco
883 2837 1150 2890 Martiani
1181 2838 1442 2906 Capellae
1472 2838 1506 2890 l.
1532 2837 1600 2892 V.
1622 2837 1690 2890 de
1721 2837 2003 2892 rhetorica
2032 2838 2255 2892 silentio
2284 2835 2433 2889 haud
2462 2833 2898 2903 praetereundus
2926 2834 3029 2884 est.

308 2924 416 2994 Qui
445 2925 532 2978 vir
559 2941 628 2978 ex
657 2926 852 2980 eadem
880 2927 1032 2995 urbe,
1071 2929 1130 2980 in
1158 2945 1270 2996 qua
1297 2928 1648 2997 Augustinus
1688 2928 1797 2980 arti
1836 2928 2148 2982 rhetoricae
2176 2943 2377 2980 vacare
2417 2925 2620 2992 coepit,
2659 2926 2812 2976 ortus
2848 2926 2935 2974 est
2972 2921 3029 2972 in

307 3013 612 3082 eademque
651 3015 804 3083 urbe,
842 3015 900 3068 in
938 3035 1048 3085 qua
1084 3018 1440 3086 Augustinus
1476 3023 1654 3070 artem
1693 3017 2033 3070 rhetoricam
2073 3017 2283 3082 docuit,
2334 3013 2601 3068 causidici
2638 3027 2865 3065 munere
2902 3009 3029 3062 fun-

309 3104 561 3172 gebatur.
602 3101 766 3171 Eum‚
796 3121 922 3157 cum
953 3106 1122 3160 libros
1153 3107 1300 3160 inter
1329 3123 1502 3159 annos
1530 3107 1816 3161 410—439
1848 3124 2013 3160 senex
2036 3106 2340 3174 scripserit,
2367 3105 2580 3172 optimo
2602 3104 2718 3155 iure
2738 3099 3027 3168 aequalem

308 3215 348 3246 s.
389 3194 694 3262 Augustini
755 3195 1020 3248 dicemus.
1097 3195 1296 3250 Nonne
1345 3195 1462 3248 fieri
1507 3197 1712 3266 potuit,
1769 3201 1835 3250 ut
1879 3201 2113 3265 uterque
2154 3196 2225 3250 ab
2262 3194 2458 3248 eodem
2495 3191 2719 3244 dicendi
2757 3190 3029 3260 magistro

307 3287 427 3336 arte
465 3282 690 3336 dicendi
726 3283 1135 3338 instrueretur?
1210 3284 1533 3339 Communis
1572 3286 1799 3354 quidem
1838 3287 2161 3356 Augustino
2203 3301 2329 3338 cum
2368 3282 2652 3336 Martiano
2688 3283 2775 3333 est
2812 3279 2932 3332 laus
2971 3281 3029 3329 et

306 3373 606 3426 admiratio
646 3373 948 3426 Ciceronis.
987 3374 1302 3428 Martianus
1340 3376 1488 3428 enim
1526 3375 1865 3428 rhetoricam
1896 3377 1975 3428 sic
2005 3376 2327 3444 loquentem
2354 3371 2598 3425 inducit:
2636 3369 2787 3422 Inter
2810 3373 3025 3420 utram-

306 3480 404 3530 que
424 3503 436 3516 .
459 3502 472 3514 .
493 3463 740 3514 colum-en
756 3467 1083 3517 sectatorum
1092 3463 1406 3532 praeniteat
1421 3463 1632 3518 Tullius
1649 3482 1817 3532 meus,
1834 3465 1933 3534 qui
1950 3483 2065 3518 non
2080 3465 2259 3518 solum
2278 3461 2344 3514 in
2358 3460 2497 3529 som,
2516 3463 2713 3512 senatu
2728 3456 3030 3524 rostrisque

299 3551 697 3618 prandiloquae
739 3551 1027 3619 facultatis
1071 3552 1357 3605 maiestate
1403 3553 1662 3618 tonuerit,
1707 3571 1897 3607 verum-
1942 3555 2113 3606 etia-m
2150 3553 2176 3605 i
2190 3551 2395 3621 psius
2440 3548 2627 3603 artis
2666 3565 2868 3616 praee
2880 3549 3029 3613 epta

305 3645 708 3692 commentus
764 3640 974 3693 libros
1028 3658 1220 3709 quam
1268 3642 1503 3709 plures
1557 3643 1980 3696 saeculorum
2022 3642 2261 3696 usibus
2308 3637 2733 3694 consecrarit
2788 3635 2866 3702 (V
2901 3633 3024 3702 436,

305 3747 356 3797 p.
389 3728 487 3782 141
529 3727 729 3797 Kysa).
778 3727 1152 3797 Quamobrem
1189 3729 1503 3783 Martianus
1541 3731 1770 3800 Capella
1808 3731 2092 3784 Ciceronis
2131 3730 2353 3783 dicendi
2391 3730 2691 3798 praecepta
2727 3724 3029 3778 accuratis·

305 3820 441 3871 sime
478 3818 742 3887 exprimit
770 3823 938 3888 atque
966 3822 1186 3889 repetit.
1227 3819 1443 3888 Atque
1477 3821 1662 3874 mira
1695 3825 1793 3874 est
1827 3820 2242 3887 similitude,
2281 3837 2444 3888 qua-e
2480 3818 2659 3870 inter
2686 3811 3032 3867 Martiani

313 3908 618 3976 Capellae
661 3908 1040 3963 sententias
1085 3915 1282 3978 atque
1327 3909 1706 3977 Auyustini
1749 3911 2035 3963 exilium
2082 3909 2361 3962 illorum
2414 3909 2807 3960 decantatae
2850 3901 3028 3954 artis

295 4002 808 4066 praeceptorum
851 3999 1192 4068 reliquias
1237 3999 1618 4053 intercedit.
1694 3997 1849 4068 Quae
1896 3999 2207 4052 similitudo
2255 4003 2403 4050 certe
2453 3996 2822 4060 coniecturae,
2861 4006 3029 4058 quam

304 4104 472 4155 supra
516 4085 768 4154 fecimus,
823 4088 990 4141 valde
1036 4088 1207 4140 favet.
1284 4087 1543 4141 Ceterum
1599 4087 1750 4141 haud
1808 4090 2093 4155 miramur,
2149 4086 2298 4156 quod
2346 4087 2541 4138 Cicero
2598 4086 2805 4146 orator,
2862 4096 3027 4147 quem

301 4176 466 4228 multi
523 4176 780 4243 aequales
839 4177 1204 4230 {mundiorem
1257 4182 1305 4229 et
1350 4176 1637 4230 Asianum
1681 4183 1731 4230 et
1786 4179 2183 4230 redundantem
2236 4175 2519 4240 dicebant,
2577 4173 2635 4224 in
2690 4173 2849 4223 tant-0
2906 4171 3026 4221 erat

301 4265 510 4319 honore
551 4264 701 4333 apud
735 4263 909 4318 Afros
945 4265 1202 4318 inflatum
1242 4266 1513 4318 orationis
1551 4283 1744 4334 genus,
1781 4266 2081 4319 elationem
2120 4269 2287 4332 atque
2325 4261 2701 4332 granditatem
2730 4258 3027 4312 verborum

303 4357 571 4406 amantes.
610 4351 825 4406 Eadem
864 4355 932 4407 de
972 4371 1140 4407 causa
1175 4353 1561 4422 Hermagorae
1609 4355 1926 4408 aridissima
1962 4357 2275 4423 praecepta,
2335 4368 2474 4420 quae
2502 4349 2760 4402 Ciceroni
2797 4347 3027 4400 minime

303 4443 629 4495 arridebant
675 4443 854 4510 (Brut.
894 4442 1041 4512 263),
1096 4442 1239 4496 ferre
1285 4461 1398 4496 non
1445 4448 1722 4513 poterant.
1800 4445 1880 4496 At
1937 4445 2217 4512 quoniam,
2274 4439 2553 4510 quomodo
2602 4443 2791 4492 orator
2840 4435 3027 4489 dicere

304 4531 526 4600 debeat,
563 4549 674 4584 non
713 4549 782 4584 ex
821 4533 938 4584 eius
967 4532 1172 4600 pendet
1208 4533 1460 4601 arbitrio,
1500 4532 1598 4588 sed
1636 4533 1809 4586 verba
1838 4535 1955 4586 eius
1984 4531 2363 4586 multitudinis
2394 4529 2619 4582 auribus
2650 4531 2779 4580 sunt
2808 4543 3027 4580 accom-

301 4619 598 4688 modanda,
634 4625 1032 4689 exaggeratam
1061 4621 1286 4689 Apulei,
1317 4621 1588 4675 Martiani
1620 4622 1900 4690 Capellae,
1929 4621 2282 4689 Tertulliani,
2312 4619 2594 4687 Cypriani,
2631 4619 2804 4686 ipsius
2834 4617 3028 4680 Augu-

303 4710 433 4761 stini
477 4709 849 4762 adulescentis
889 4711 1196 4762 orationem
1235 4708 1404 4763 fuisse
1441 4727 1555 4764 non
1592 4711 1879 4764 miramur.

519 4798 539 4830 4
578 4797 825 4851 ConfeSS.
866 4798 959 4851 III
999 4801 1048 4866 5,
1088 4801 1137 4852 9.

410 4921 784 4964 Dissertationes
811 4924 929 4974 phil.
953 4923 1158 4964 Vindob.
1193 4924 1319 4964 vm,
2816 4903 2847 4956 7
