3567 5109
827 349 852 380 ι
1436 333 1905 394 -131-

459 518 534 578 cl„
555 520 603 568 X
631 523 679 584 3,
701 521 795 574 26:
821 518 932 569 Sed
957 536 1068 569 cum
1091 523 1146 570 in
1170 522 1310 570 omni
1335 522 1622 572 stadiorum

315 621 521 672 genere,
555 612 660 655 cum
695 609 752 655 in
785 605 877 656 Ῐιοσ
904 609 1185 674 praecipue
1209 607 1342 658 bona
1363 608 1620 676 valetudo,

320 709 550 757 quaeque
575 710 688 744 eam
711 695 936 744 maxume
957 702 1210 758 praestat,
1221 696 1618 762 frugalitas,

321 783 621 831 necessaria
657 787 746 831 est.

525 924 846 987 Fortasse
889 925 1148 988 Fabius
1197 944 1278 988 eo
1327 943 1609 1007 quoque
1653 929 1831 999 loco,
1883 947 2021 1007 quo
2067 929 2153 992 de
2188 929 2386 1008 copia
2416 929 2795 994 verborum
2840 951 3020 996 com-

323 1028 634 1106 paranda
655 1029 1040 1108 disputavit
1073 1030 1158 1108 (X
1185 1038 1238 1108 1,
1277 1031 1538 1110 1—45),
1571 1029 1845 1098 Celsum
1878 1036 2207 1112 respexit,
2240 1051 2655 1114 quamquam
2688 1053 2801 1099 res
2832 1037 3023 1118 ipsae

319 1133 718 1210 notissimae
766 1141 834 1197 et
877 1135 1328 1214 pervulgatae
1373 1143 1556 1200 sunt.

767 1272 1163 1330 Quintilianus.
1978 1277 2083 1327 Iul.
2123 1277 2311 1328 Sever.
2352 1292 2404 1340 p.
2445 1281 2564 1343 355,
2603 1281 2668 1330 20
2688 1293 2757 1332 ss,

1863 1381 2173 1431 Necessaria
2208 1379 2397 1432 deinde
2452 1385 2737 1432 orationum
2767 1384 3021 1448 frequente

1724 1469 1869 1518 lectio
1911 1475 1985 1518 eet
2005 1507 2158 1522 .....
2194 1483 2356 1531 neque
2401 1485 2577 1519 ear-um
2612 1470 2775 1538 modo,
2828 1471 2922 1521 sed
2974 1479 3022 1522 et

421 1553 540 1618 Xl,
564 1555 647 1603 31:
671 1551 974 1602 Historia
994 1569 1188 1616 qnoque
1209 1553 1348 1603 alere
1369 1561 1620 1606 oratorem
1722 1554 2136 1606 historiarum
2184 1563 2231 1628 ct
2284 1559 2580 1620 carminum,
2669 1574 2742 1609 ex
2800 1560 3021 1622 quibus

315 1638 536 1714 quodam
587 1638 733 1690 ubet-i
785 1623 1112 1704 incimdoque‘
1156 1657 1273 1690 suco
1307 1648 1496 1710 potest,
1526 1659 1618 1694 ve·
1723 1645 2095 1707 compositio
2165 1644 2423 1695 dicendi
2495 1663 2617 1696 non
2695 1649 2760 1696 in
2832 1653 3017 1697 totum

315 1740 456 1798 rum⁷
499 1733 556 1777 et
589 1728 739 1792 ipsa
791 1727 888 1777 sic
923 1733 1016 1776 cst
1074 1728 1365 1794 legenda,
1398 1735 1461 1780 ut
1497 1731 1619 1780 sci·
1723 1729 2048 1782 trahenda
2085 1738 2191 1782 est.

317 1830 488 1864 amus
515 1813 870 1880 plerasque
914 1815 1048 1865 ciue
1071 1816 1346 1867 virtutes
1371 1817 1621 1868 oratori

316 1917 452 1952 eece
486 1899 810 1952 vitandae.
1125 1951 1132 1956 ,

419 1991 468 2040 X
502 1993 548 2054 1,
575 1991 666 2040 27:
692 1986 980 2038 Plurimum
1005 1987 1132 2039 dicit
1157 1993 1360 2042 oratori
1383 1991 1620 2056 confer-re

321 2073 706 2138 Thecphraaetue
753 2073 1093 2126 lectionem
1123 2085 1454 2142 poetarum
1489 2079 1617 2129 mul-

315 2161 454 2226 tt‘que
498 2164 607 2212 ciue
639 2161 881 2212 indicium
925 2169 1220 2232 sequuntur,
1253 2181 1414 2229 neque
1447 2157 1618 2217 inime-

312 2251 550 2304 rito....
585 2253 669 2304 28.
708 2245 1186 2302 Meminerimus
1231 2258 1452 2318 tamen,
1500 2271 1620 2306 non

308 2353 427 2401 per
479 2338 694 2388 omnia
736 2345 972 2402 poetae
1031 2354 1172 2389 cue
1230 2341 1478 2390 oratori
1534 2358 1619 2392 se·

313 2425 591 2490 quondm
627 2427 718 2488 (cf.
755 2428 803 2478 X
839 2428 890 2491 2,
927 2427 1037 2491 21).

416 2516 466 2564 X
516 2517 570 2582 1,
619 2516 687 2564 36
705 2527 816 2584 sq.:
841 2512 888 2563 A
926 2513 1448 2584 philosophorum
1496 2531 1615 2566 vero
1828 2515 2081 2578 Namper
2105 2516 2416 2566 lectiones
2451 2518 3016 2582 sapientiumprae-

315 2598 591 2651 lectione
615 2607 672 2651 ut
699 2607 866 2652 essent
884 2601 1048 2652 multa
1066 2601 1208 2651 nobi-9
1217 2604 1468 2670 petenda,
1487 2603 1616 2654 υἰείο
1719 2609 1873 2667 cepta
1906 2609 2199 2666 noscuntur,
2250 2602 2362 2652 eine
2413 2585 2618 2667 quibui
2648 2603 2788 2653 m'lzil
2831 2603 3017 2655 subtile

301 2689 510 2751 factum
569 2695 644 2740 est
689 2684 980 2742 oracmum'.
1003 2728 1014 2741 .
1037 2727 1050 2741 .
1071 2727 1086 2742 .
1133 2687 1242 2741 Sed
1294 2689 1374 2740 hie
1429 2705 1619 2754 quoquc
1719 2701 1883 2755 neque
1918 2691 2252 2755 maqnif'tcum
2286 2690 2508 2754 eogitari
2531 2697 2720 2754 potest.

311 2775 666 2828 adhibendum
703 2783 779 2827 ωε
813 2775 978 2827 einaize
1013 2775 1279 2829 iudicium.
2500 2788 2503 2793 '

519 2901 699 2964 Num
740 2901 1150 2982 errabimuS,
1183 2904 1242 2966 si
1275 2902 1775 2975 Quintilianum
1824 2901 2013 2964 illam
2061 2901 2522 2982 Theophrasti
2570 2901 2657 2965 de
2700 2903 3016 2982 legendis

311 3008 536 3087 poetis
579 3007 994 3070 sententiam
1042 3026 1126 3070 ex
1161 3007 1468 3071 Cornelii
1501 3008 1697 3070 libris
1729 3006 2061 3087 petivisse
2094 3007 2586 3074 statuerimus?
2619 3007 2703 3069 Id
2736 3006 3015 3086 quidem

313 3131 450 3174 non
501 3112 832 3176 abhorret
875 3114 962 3176 ab
1011 3113 1158 3175 eius
1206 3111 1558 3176 scribendi
1605 3113 1903 3189 ratione3
1952 3129 2253 3191 namque
2298 3131 2457 3175 eum
2502 3129 2711 3191 saepe
2754 3113 3013 3175 Aristo-

313 3218 469 3280 telis
535 3224 604 3281 et
649 3217 1114 3297 Theophrasti
1182 3223 1248 3280 et
1312 3219 1608 3280 aliorum
1673 3219 2052 3280 sententias
2118 3235 2255 3280 non
2303 3234 2387 3279 ex
2434 3216 2749 3296 ipsorum
2795 3217 3015 3294 libris,

311 3323 434 3384 sed
483 3341 568 3385 ex
617 3322 776 3384 aliis
823 3322 1288 3403 scriptoribus
1321 3318 1508 3385 velut
1553 3339 1638 3383 ex
1675 3320 2032 3384 Ciceronis
2076 3321 2279 3384 libris
2311 3321 2765 3402 exscripsisse
2812 3340 3015 3384 nemo

309 3431 550 3491 nescit.
617 3428 791 3490 Item
848 3435 1113 3491 certum
1159 3427 1309 3489 fere
1367 3443 1517 3490 esse
1564 3426 1728 3489 mihi
1775 3425 2054 3488 videtur
2109 3425 2596 3504 fragmentum,
2644 3426 2832 3506 quod
2878 3425 3013 3506 pri-

313 3551 496 3594 mum
560 3533 784 3612 posui,
851 3532 984 3593 huc
1049 3549 1200 3594 esse
1247 3530 1714 3594 referendum.
1783 3529 2061 3593 Celsum
2110 3531 2293 3592 enim
2339 3530 2538 3593 Bruti
2585 3549 2713 3610 pro
2762 3531 3015 3594 Milone

310 3641 714 3714 orationem,
761 3654 900 3716 quo
944 3637 1098 3698 loco
1147 3637 1316 3699 utile
1364 3654 1515 3699 esse
1563 3637 1742 3698 scire
1773 3631 2027 3697 easdem
2075 3655 2301 3696 causas
2340 3641 2413 3696 ut
2457 3634 2717 3720 quisque
2765 3634 3010 3717 eger-ie)

309 3743 658 3818 indicavit,
692 3745 1352 3805 commemoravisse
1386 3743 1705 3806 arbitror.
1769 3743 2132 3804 Praeterea
2163 3742 2395 3804 nescio
2429 3759 2515 3803 an
2547 3740 3011 3812 Quintilianus

311 3847 494 3910 Celsi
541 3849 748 3910 etiam
795 3849 1134 3910 rationem
1181 3848 1523 3923 habuerit,
1578 3847 1698 3909 ubi
1748 3848 1834 3909 de
1879 3847 2176 3910 lectione
2224 3851 2582 3908 oratorum
2632 3853 2699 3908 et
2745 3845 3012 3908 histori-

309 3970 552 4015 corum
618 3953 802 4032 apud
865 3952 1224 4015 rhetorem
1291 3952 1383 4030 (ΙΙ
1434 3958 1501 4028 53
1553 3951 1635 4016 cf.
1682 3952 1807 4014 Iul.
1857 3951 2005 4014 Sev.
2072 3970 2135 4031 p.
2184 3956 2328 4026 355,
2382 3957 2455 4009 13
2480 3951 2596 4027 ss.)
2647 3955 2714 4012 et
2760 3951 2879 4013 ubi
2926 3950 3011 4012 de

307 4057 478 4120 iuris
512 4055 742 4120 civilis
789 4060 1075 4120 scientia
1121 4057 1260 4136 egit
1309 4057 1465 4134 (XII
1513 4063 1569 4133 3,
1621 4064 1682 4132 1;
1731 4055 1817 4118 cf.
1864 4056 1987 4119 Iul.
2034 4056 2179 4119 Sev.
2226 4075 2286 4135 p.
2323 4062 2465 4138 356,
2503 4057 2702 4132 2s5.).
2749 4055 3010 4116 Deinde

309 4161 624 4226 Celsiana
672 4164 1008 4242 quaedam
1055 4162 1351 4226 fortasse
1399 4162 1608 4224 etiam
1654 4163 1727 4224 in
1774 4161 1969 4224 Fabii
2018 4161 2369 4240 capitibus,
2398 4162 2656 4233 insunt,
2704 4177 2880 4238 quae
2928 4149 3013 4222 de

306 4269 602 4332 utilitate
651 4273 718 4330 et
763 4269 1030 4330 ratione
1079 4267 1508 4330 declamandi
1558 4266 1650 4346 (ΙΙ
1691 4267 1795 4344 10)
1835 4273 1904 4327 et
1935 4265 2020 4327 de
2053 4265 2426 4327 scribendo
2466 4265 2552 4342 (X
2603 4265 2797 4340 3—5)
2829 4282 3007 4326 com-

309 4363 572 4453 posuit;
625 4372 1026 4436 Cornelium
1075 4373 1254 4436 enim
1306 4373 1390 4434 de
1435 4371 1542 4433 his
1586 4370 1800 4432 rebus
1850 4368 2315 4448 disputavisse
2362 4369 2596 4447 colligi
2644 4373 2875 4448 potest
2923 4385 3007 4430 ex

306 4479 463 4543 Iulii
528 4479 881 4542 Severiani
954 4479 1217 4541 verbis:
1289 4472 1498 4556 Super
1560 4471 1716 4534 haec
1763 4473 2143 4557 frequenter
2208 4469 2625 4551 scribendam,
2673 4469 3005 4554 agendum,

307 4578 792 4647 declamandum
837 4591 954 4644 est:
1017 4579 1120 4643 his
1164 4580 1329 4640 enim
1391 4577 1573 4639 rebus
1635 4577 1884 4638 oratori
1927 4574 2187 4656 fiducia
2250 4573 2447 4638 simul
2505 4596 2641 4636 cum
2670 4572 3008 4658 facundia

311 4693 722 4774 comparatur
766 4689 860 4769 (p.
909 4695 1053 4766 356,
1101 4687 1299 4764 585).

513 4849 554 4906 ¹)
593 4813 822 4902 {iu—intil.
864 4845 1044 4894 Instit.
1083 4857 1162 4892 or.
1202 4839 1260 4892 X
1303 4847 1347 4904 1,
1386 4843 1468 4892 23.
