3567 5109
1530 306 1994 369 -184—

549 500 815 549 olmervare
861 515 1044 548 mamm
1080 501 1344 564 oculosque
1388 499 1442 548 in
1465 498 1578 561 fine
1613 506 1712 546 tre-
1818 495 1997 546 cedere
2038 511 2096 544 ee
2128 495 2185 543 in
2222 509 2395 544 eorum
2428 496 2605 554 locum,
2644 510 2679 543 a
2714 494 2891 558 quibua
2929 492 3028 543 sihi
3060 493 3121 542 li-

411 595 616 636 mentee.
1818 580 1928 632 beri
1976 581 2273 642 tradantur,
2320 579 2589 631 existimet.
2634 579 2757 645 Ipse
2806 595 2901 629 nee
2934 581 3122 630 haheat

551 671 769 734 „Haec”
811 671 990 736 inquit,
1025 671 1238 734 „eura”.
1818 668 1948 719 vitia
1982 683 2074 718 nee
2094 667 2266 733 ferat.

1958 755 2014 807 11
2050 759 2101 823 2,
2144 759 2205 806 14
2225 769 2308 820 eq.
2348 755 2546 804 Pueros
2574 754 2980 804 adulescentibus
3000 771 3119 818 per-

1818 842 2002 893 mixtos
2039 841 2219 893 tedere
2240 855 2346 891 non
2373 843 2551 906 placet
2570 841 2713 891 mihi.
2754 841 2893 891 Nam
2918 841 3123 892 etiamsi

1820 930 1899 981 vir
1935 929 2075 992 talia,
2115 929 2316 994 qualem
2362 944 2475 980 ene
2508 936 2705 994 oportet
2747 928 2934 980 cnidii·
2966 930 3121 978 mori-

1819 1017 2010 1082 busque
2036 1015 2371 1081 propositum,
2408 1016 2690 1068 modestam
2730 1015 2919 1068 habere
2950 1024 3123 1082 potest

1818 1102 1979 1153 etiam
2030 1103 2354 1165 iuventtetem,
2408 1109 2580 1154 tamen
2633 1105 2713 1155 vel
2763 1102 3039 1168 inflrvm'tae
3084 1120 3122 1154 α.

1817 1189 2181 1241 robmtioribua
2234 1189 2541 1256 separanda
2600 1199 2677 1242 eet
2737 1197 2786 1241 et
2840 1189 3119 1242 carendum

1815 1292 1925 1328 ηοπ
1957 1279 2121 1328 nolum
2166 1275 2380 1328 eriwtine
2416 1276 2712 1344 mpidim‘e,
2758 1294 2931 1329 verum
2964 1277 3122 1330 eciam

1818 1363 2121 1430 empicione.

623 1492 848 1572 Atque
894 1496 970 1554 ut
1016 1489 1124 1553 his
1171 1492 1509 1570 exemplis
1555 1490 1906 1554 Iuvenalis
1953 1490 2497 1555 consuetudines
2538 1491 2879 1572 quaedam
2926 1490 3121 1554 scho-

415 1597 669 1672 larum,
748 1595 834 1659 de
909 1596 1161 1676 quibus
1244 1593 1712 1667 Quintilianus
1788 1597 2026 1659 multis
2102 1595 2275 1659 locis
2340 1601 2663 1658 accurate
2741 1594 3125 1675 disputavit

415 1700 880 1780 illustrantur,
903 1701 1003 1764 sic
1020 1717 1267 1764 versus
1288 1699 1643 1763 Iuvenalis
1674 1702 2007 1778 nonnulli,
2030 1699 2285 1780 quibus
2315 1701 2401 1763 de
2420 1701 2657 1781 pueris
2677 1700 3125 1764 instituendis

417 1805 664 1885 agitur,
715 1825 800 1868 ex
847 1805 1257 1878 Quintiliani
1305 1804 1679 1887 disciplina
1725 1806 1955 1869 hausti
2002 1806 2329 1868 videntur
2377 1822 2546 1869 esse.

936 1945 1062 1996 Iuv.
1101 1950 1202 1998 sat.
2230 1944 2420 2002 QuInt.
2458 1945 2596 1996 Inet.
2634 1958 2715 1995 or.

558 2049 687 2100 XIV
723 2052 789 2100 47
811 2063 932 2112 sqq.
969 2049 1198 2098 maxima
1226 2049 1436 2098 debetur
1454 2066 1617 2114 puero
1640 2066 1718 2098 re·
1963 2051 1991 2100 1
2026 2051 2078 2116 2,
2115 2053 2165 2101 6.
2200 2047 2379 2098 Fac-‘ze
2422 2056 2537 2098 erat
2572 2048 2721 2099 haim
2759 2057 2918 2100 metm
2966 2065 3123 2100 reme-

421 2131 726 2204 rerentia,¹)
761 2135 935 2201 siquid
1825 2137 1980 2186 dium.
2049 2133 2259 2186 Utinam
2295 2135 2565 2186 liberorum
2617 2143 2907 2187 nostrorum
2959 2153 3123 2187 morea

555 2229 702 2287 turpe
737 2237 920 2286 paras,
959 2239 1052 2271 nec
1088 2230 1142 2272 tu
1171 2223 1325 2288 pueri
1360 2223 1716 2288 contempseris
1824 2239 1925 2272 non
1960 2222 2063 2288 ipsi
2088 2221 2453 2287 perderemus!
2492 2222 2791 2290 Infantiam
2828 2223 3001 2274 statim
3039 2225 3124 2273 de-

419 2323 598 2358 armoe.
1823 2311 1951 2360 liciis
1989 2311 2243 2360 solvimus.
2290 2371 2295 2376 ¹

549 2399 644 2448 aed
670 2406 947 2463 peccaturo
973 2399 1132 2448 obstet
1158 2397 1408 2461 tibifilim
1436 2396 1634 2463 infitm.
1961 2397 2018 2447 11
2066 2401 2118 2461 9,
2171 2400 2194 2448 1
2246 2395 2523 2461 discipulos
2585 2397 2643 2446 id
2704 2414 2862 2449 mnam
2922 2399 3127 2449 interim

557 2487 664 2537 v11
719 2487 916 2550 209s10
972 2485 1060 2550 qui
1103 2492 1487 2550 praeceptorem
1549 2485 1720 2533 saneti
1821 2499 2011 2544 manee,
2073 2491 2131 2533 ut
2184 2492 2543 2548 praeceptores
2604 2502 2721 2536 mm
2792 2502 2897 2536 non
2956 2488 3124 2538 minue

412 2573 615 2622 noluere
642 2573 883 2636 parentia
1823 2587 1974 2635 quam
2013 2573 2130 2635 ipsa
2182 2571 2359 2622 studia
2415 2581 2585 2622 ament
2640 2582 2685 2622 et
2722 2583 2968 2638 parentes
3016 2593 3126 2625 esse

557 2676 667 2710 eece
702 2661 822 2710 loco.
1819 2673 1924 2706 non
1962 2657 2164 2722 quidem
2199 2675 2477 2724 corporum,
2508 2660 2600 2708 sed
2622 2662 2865 2711 mentium
2892 2663 3125 2713 credant.

627 2783 756 2847 His
828 2784 1124 2864 prolatis
1190 2784 1543 2862 quomodo
1609 2782 1958 2846 Iuvenalis
2025 2791 2095 2847 et
2157 2783 2625 2856 Quintilianus
2702 2785 2787 2848 de
2862 2785 3123 2849 eisdem

419 2889 824 2953 hominibus
883 2887 1368 2964 iudicaverint,
1432 2889 1941 2967 perquiramus,
2018 2889 2247 2969 Atque
2310 2891 2621 2970 primum
2687 2892 2763 2965 si,
2830 2890 2997 2969 quid
3056 2891 3125 2952 hi

420 2996 802 3074 scriptores
867 2993 951 3056 de
1011 2995 1182 3055 viris
1247 2993 1549 3055 civitatis
1604 2992 1866 3056 liberae
1922 2995 2275 3058 Romanae
2320 2994 2683 3070 senserint,
2748 2995 3125 3074 investiga-

419 3099 744 3170 verimuS‚
777 3099 1204 3181 reperiemus
1237 3097 1608 3176 utriusque
1641 3100 1870 3160 animo
1906 3099 2179 3160 easdem
2213 3099 2549 3178 imagines
2584 3097 3123 3162 fortissimorum

420 3204 731 3268 virorum
779 3203 1188 3264 obversatus
1219 3219 1372 3264 esse
1419 3221 1561 3264 non
1608 3203 1838 3265 solum
1888 3202 1973 3264 ad
2019 3202 2452 3282 intuendum,
2499 3220 2741 3265 verum
2788 3203 2991 3266 etiam
3041 3203 3125 3267 ad

419 3305 852 3372 imitandum.
900 3305 1367 3378 Quintilianus
1413 3307 1631 3386 igitur
1676 3309 1840 3370 Inst.
1891 3325 1987 3369 or.
2036 3305 2167 3368 XII
2214 3311 2271 3383 2,
2320 3314 2400 3367 30
2430 3306 2806 3383 FabrieiOS,
2854 3307 3127 3386 Curios,

421 3411 746 3492 Regulos,
818 3410 1083 3487 Decios,
1149 3411 1414 3473 Mucios
1481 3411 1808 3475 laudibus
1882 3412 2159 3475 extollit
2221 3413 2329 3474 his
2382 3411 2648 3475 verbis:
2714 3411 2819 3474 An
2855 3411 3124 3497 fortitu-

421 3512 654 3593 dinem,
733 3512 1062 3594 iustitiam,
1130 3512 1342 3600 fidem,
1429 3513 1902 3592 continentiam,
1970 3512 2448 3601 fritqalitatem,
2530 3517 2953 3600 contemptum
3025 3513 3128 3578 do-

431 3617 586 3681 loris
647 3640 723 3680 ac
787 3619 1004 3682 mortis
1074 3617 1302 3682 melius
1363 3617 1488 3681 alii
1555 3617 1856 3682 docebunt
1936 3642 2131 3706 quam
2204 3617 2516 3700 Fabricii,
2606 3618 2811 3702 Curii,
2876 3619 3126 3706 Reguli,

397 3722 635 3800 ,Dec-ii,
701 3721 930 3800 Mucii,
989 3721 1240 3810 aliique
1271 3721 1809 3786 innumerabiles?
1858 3727 1943 3788 Et
1976 3729 2096 3805 qui
2128 3726 2532 3789 Iuvenalem
2581 3725 2861 3789 eosdem
2910 3727 3123 3806 fere1)

422 3831 634 3905 virOS,
685 3831 754 3892 in
805 3830 1057 3908 quibus
1105 3836 1290 3894 esset
1336 3832 1648 3911 perfecta
1692 3834 1934 3909 virtue,
1983 3831 2385 3896 hominibus
2433 3832 2679 3895 aetatis
2728 3848 2892 3894 suae
2939 3831 3128 3894 vitiis

423 3942 492 3998 et
539 3935 816 3997 luxuria
861 3934 1198 3998 contectis
1247 3935 1337 3997 ad
1382 3935 1797 3999 imitandum
1842 3937 2295 4019 proposuisse
2342 3935 2479 4000 sibi
2508 3937 2934 4019 persuadere
2965 3936 3128 4014 vult,

422 4041 624 4120 legat,
671 4057 950 4120 quaeso,
998 4047 1121 4103 sat.
1169 4041 1237 4103 II
1286 4047 1354 4102 3:

633 4196 672 4259 ¹)
709 4197 832 4246 Hoc
871 4195 940 4246 de
978 4197 1102 4246 loco
1142 4196 1483 4248 Ribbeckius
1527 4195 1659 4248 ‘Der
1695 4199 1852 4249 echte
1888 4197 2005 4248 und
2045 4198 2146 4248 der
2191 4199 2432 4249 uneehte
2468 4195 2743 4249 Iuvenal’.
2778 4211 2835 4260 p.
2872 4199 2939 4248 24
2976 4203 3127 4248 recte

421 4284 715 4334 iudicavit:
789 4283 992 4348 „Nicht
1046 4285 1268 4334 minder
1328 4285 1626 4348 allgemein
1686 4285 1759 4334 ist
1816 4285 1918 4335 das
1972 4285 2183 4336 Thema
2239 4285 2337 4335 des
2395 4288 2474 4336 14.
2530 4299 2643 4348 sog.
2698 4283 3125 4336 Iuvenalischen

423 4372 618 4434 Satira,
671 4385 784 4421 von
840 4372 944 4422 der
989 4373 1176 4422 Macht
1237 4373 1334 4422 des
1371 4372 1544 4423 bosen
1610 4369 1899 4440 Beispiels,
1938 4373 2041 4423 das
2077 4373 2275 4423 Eltern
2313 4375 2424 4424 den
2463 4373 2722 4423 Kindern
2760 4375 2955 4436 geben.
2994 4375 3131 4424 Text

425 4459 541 4510 und
579 4459 822 4510 Umriese
865 4459 1077 4509 konnte
1125 4472 1254 4509 man
1303 4459 1542 4526 meinen,
1588 4462 1735 4511 habe
1792 4461 1885 4511 die
1930 4459 2253 4524 Pidagogik
2302 4461 2490 4518 Quint.
2535 4461 2563 4510 1
2598 4463 2650 4525 2,
2699 4463 2730 4511 6
2756 4460 2817 4511 u.
2853 4460 3127 4525 gelietert,

425 4547 622 4597 dessen
669 4546 1395 4610 Erziehungsprineip,....
1423 4548 1581 4598 recht
1628 4547 1928 4611 eigentlieh
1975 4548 2030 4597 in
2082 4549 2208 4599 dem
2257 4549 2545 4598 maxima
2585 4547 2876 4600 debetur
2912 4561 3125 4610 puero

421 4635 824 4685 reverentia
860 4635 1312 4696 ausgesproehen
1351 4634 1438 4685 ist.

632 4721 672 4784 ¹)
713 4721 929 4784 Regulo
983 4722 1131 4773 enlm
1188 4726 1419 4785 excepto
1456 4734 1667 4788 omnes,
1707 4735 1851 4786 quos
1895 4725 2000 4774 hoc
2046 4723 2169 4772 loco
2210 4721 2592 4782 Quintilianus
2646 4723 2914 4792 nominat,
2972 4725 3123 4790 apud

420 4809 748 4860 Iuvenalem
787 4809 1178 4864 inveniuntur.
