3567 5109
1473 326 1908 389 -21....

317 512 538 593 huia-s,
582 536 784 581 cutus.
831 518 964 589 Qui
1011 519 1336 580 omnibus
1371 519 1542 580 locis
1575 519 1978 581 trochaeum
2028 519 2369 582 efficiunt.
2421 520 2709 583 Dativus
2758 540 2930 585 vero
2963 522 3045 597 ei,

319 640 754 701 quamquam
821 624 1142 703 plurimis
1207 624 1380 686 locis
1448 624 1820 686 adhibetur
1894 624 2443 706 monosyllabus,
2524 632 2751 688 tamen
2828 628 3042 690 iambi

319 728 482 788 loco
531 730 820 807 ponitur
872 729 1117 805 XVIII,
1171 736 1283 804 563
1337 730 1511 799 XIX,
1565 734 1723 803 3413
1775 730 1915 798 XX,
1970 738 2125 803 3653
2177 729 2375 806 XXV,
2432 735 2572 791 148.

535 833 707 894 Tum
767 835 1153 911 quaeritur,
1221 840 1457 895 utrum
1525 832 1873 895 ablativus
1938 834 2316 911 singularis
2381 836 2659 913 generis
2725 834 3043 898 feminini

317 932 548 995 eadem
598 938 762 1014 (XV,
823 944 978 1013 3343
1049 938 1224 1013 XIX,
1281 944 1432 1013 1153
1502 939 1642 1009 XX,
1698 944 1853 1013 331;
1922 937 2173 1013 XXIII,
2224 944 2382 1014 3043
2452 958 2515 1017 p.
2566 942 2709 1012 279,
2763 940 2869 1018 16)
2920 958 3043 1019 per

321 1043 700 1123 synizesim
749 1059 838 1103 an
885 1062 928 1101 a
976 1048 1300 1121 correpta
1347 1042 1919 1122 pronuntiandus
1966 1044 2071 1105 sit.
2120 1043 2368 1105 Brevis
2417 1044 2697 1122 quidem
2748 1049 2973 1107 exstat
3004 1066 3046 1105 a

323 1147 404 1207 in
451 1146 980 1225 praepositione
1026 1166 1222 1206 causa
1268 1147 1544 1219 XXXII,
1598 1152 1678 1206 44
1728 1155 1797 1212 et
1849 1154 2001 1223 1163
2071 1165 2513 1227 nequaquam
2562 1166 2735 1211 vero
2782 1149 2911 1211 hac
2970 1168 3044 1212 re

325 1253 529 1313 nisus
577 1251 753 1314 hanc
800 1270 950 1314 rem
999 1252 1274 1315 solvere
1309 1254 1620 1315 audeam.
1668 1252 1971 1315 Interest
2004 1253 2183 1316 enim
2217 1253 2409 1341 inter·
2430 1253 3043 1334 praepositionem,

325 1357 534 1418 cuius
589 1356 733 1417 vim
781 1362 852 1419 et
895 1358 1237 1421 rationem
1287 1376 1455 1419 sane
1501 1376 1701 1417 causa
1748 1358 2035 1437 accepit,
2106 1362 2173 1419 et
2219 1358 2401 1420 inter
2452 1357 2858 1431 ablativum,
2927 1362 3045 1437 qui

327 1462 410 1522 in
460 1462 796 1541 exemplis
844 1462 1038 1524 velut
1068 1462 1205 1539 XV,
1254 1468 1378 1521 334
1413 1458 1612 1522 No'cte
1642 1458 1860 1522 eudem
1890 1468 2135 1525 exstat.
2182 1462 2379 1526 Adde
2414 1463 2601 1542 quod
2632 1463 2703 1526 in
2736 1463 3045 1527 carmine

333 1566 598 1628 XXXII
663 1568 1060 1645 complures
1124 1568 1578 1630 inveniuntur
1623 1568 1959 1643 licentiae,
2026 1586 2199 1645 quas
2264 1568 2417 1629 aliis
2483 1569 2551 1629 in
2619 1568 3044 1630 carminibus

329 1670 604 1733 frustra
652 1672 986 1750 requires.
1037 1672 1262 1743 Quare
1300 1692 1336 1733 a
1369 1672 1688 1733 Muelleri
1735 1678 1934 1751 parte
1983 1679 2167 1734 stare
2201 1672 2399 1747 malO,
2434 1672 2551 1751 qui
2585 1670 3043 1752 dissyllabum

329 1774 468 1836 hoc
517 1793 904 1855 pronomen
953 1777 1554 1856 pronuntiandum
1603 1796 1757 1840 esse
1805 1783 1999 1857 putat
2047 1778 2135 1855 (p.
2185 1780 2356 1853 3:33).
2447 1776 2707 1837 Eadem
2772 1776 3045 1839 ratione

321 1878 554 1959 Ροειέᾶ
603 1882 868 1957 (XXIV,
920 1883 1070 1960 587)
1121 1902 1277 1945 cum
1326 1882 1628 1961 synizesi
1677 1884 1832 1962 lego
1884 1883 2323 1944 coniecturas
2360 1887 2509 1963 post
2540 1887 2597 1939 et
2627 1881 2741 1941 vel
2776 1878 3044 1963 posthac

329 2004 479 2047 non
527 1989 960 2049 necessarias
1007 2006 1160 2049 esse
1209 1994 1421 2050 ratus

547 2092 733 2152 Haec
799 2092 946 2153 fere
1011 2100 1191 2167 sunt,
1257 2110 1435 2171 quae
1484 2093 1570 2154 de
1617 2092 1803 2154 hiatu
1872 2091 2167 2153 dicenda
2234 2095 2410 2166 sunt,
2478 2091 2595 2169 qui
2662 2090 2908 2152 mediis
2973 2092 3043 2151 in

324 2194 630 2272 singulis
665 2196 900 2257 verbis
947 2203 1083 2273 est;
1137 2197 1274 2258 iam
1323 2198 1412 2259 ad
1449 2195 1859 2258 vocalium
1908 2212 2395 2257 concursum
2429 2202 2890 2269 transeamus
2926 2194 3041 2273 qui

327 2298 425 2360 fit
471 2300 542 2360 in
591 2299 732 2361 fine
781 2308 850 2361 et
894 2301 966 2362 in
1015 2304 1212 2364 initio
1264 2301 1776 2379 insequentium
1828 2300 2209 2361 verborum
2259 2300 2406 2361 sive

1221 2593 1304 2662 B.
1354 2560 1452 2662 in'
1482 2592 1690 2663 binis
1739 2592 2170 2663 vocabulis.

549 2790 700 2851 Hac
749 2791 820 2849 in
867 2794 1068 2867 parte
1116 2788 1254 2849 duo
1302 2786 1507 2849 nobis
1557 2784 1995 2849 observanda
2062 2792 2242 2847 sunt.
2336 2784 2625 2845 Diversa
2690 2786 2873 2845 enim
2942 2792 3046 2846 est

327 2896 516 2957 ratio
582 2894 872 2957 tollendi
936 2894 1184 2954 vitium
1252 2892 1480 2955 hiatus
1545 2910 1671 2969 pro
1736 2891 2142 2952 diversitate
2208 2907 2365 2949 cum
2431 2887 2797 2965 vocalium,
2867 2908 3045 2967 quae

327 3001 524 3071 inter
571 3017 643 3061 se
691 3006 1140 3068 concurrunt,
1206 3004 1355 3059 tum
1405 3002 1805 3067 metrorum,
1852 3014 2031 3074 quae
2078 2994 2456 3067 elisionem,
2522 3000 2597 3056 ut
2643 2997 3043 3072 grammati-

325 3124 456 3166 cos
489 3108 710 3166 secuti
749 3106 978 3167 minus
1009 3109 1198 3165 recte
1246 3102 1478 3163 dicere
1527 3100 1851 3169 solemus
1900 3105 2018 3160 aut
2050 3098 2429 3160 excludunt
2463 3106 2581 3159 aut
2614 3099 3046 3177 permittunt.

327 3212 427 3272 At
495 3228 622 3288 per
685 3228 758 3270 se
822 3213 1017 3288 patet
1095 3208 1265 3269 duas
1333 3206 1452 3267 has
1519 3204 1787 3266 vitandi
1852 3192 2081 3265 hiatus
2146 3202 2461 3265 rationes
2508 3204 2793 3264 nonita
2841 3222 3046 3282 posse

327 3313 667 3385 discerni,
733 3320 808 3374 ut
877 3313 1098 3374 altera
1163 3312 1386 3391 possit
1452 3309 1722 3370 absolvi
1790 3307 1979 3369 nullo
2045 3313 2366 3385 respectu
2430 3305 2667 3368 habito
2736 3308 3042 3371 alterius,

327 3420 574 3489 Quare
623 3418 711 3479 ad
757 3435 1088 3479 numeros
1136 3434 1338 3494 saepe
1387 3413 1589 3476 nobis
1645 3412 1780 3473 erit
1828 3410 2355 3481 recurrendum,
2422 3409 2543 3471 ubi
2611 3410 2695 3471 de
2762 3430 2931 3473 sono
2979 3420 3047 3474 et

330 3523 730 3601 quantitate
785 3522 1149 3599 vocalium,
1198 3538 1378 3599 quae
1425 3538 1578 3583 sese
1625 3517 2001 3596 excipiunt,
2048 3532 2279 3577 sermo
2328 3515 2480 3575 erit.

548 3627 880 3703 Primum,
954 3631 1030 3688 ut
1079 3626 1462 3703 generatim
1530 3624 1895 3685 elisionum
1962 3618 2427 3698 frequentiam
2495 3627 2562 3680 et
2628 3638 2847 3690 usum,
2928 3622 3045 3698 qui

329 3733 701 3795 invenitur
747 3734 820 3793 in
865 3732 1072 3793 huius
1119 3731 1362 3809 poetae
1411 3726 1748 3801 versibuS,
1798 3742 2204 3803 cognoscas,
2252 3724 2381 3785 hoc
2429 3724 2585 3784 loco
2636 3742 3045 3802 componam

329 3856 692 3909 numeros,
744 3854 918 3914 quos
963 3854 1049 3897 ex
1100 3833 1257 3895 aliis
1305 3832 1530 3911 po'etis
1581 3830 1811 3891 adfert
1842 3830 2133 3891 Mueller
2166 3830 2253 3907 (p.
2307 3830 2479 3905 336),
2527 3846 2683 3889 cum
2718 3830 3043 3901 numeris,

331 3962 518 4023 quos
566 3961 650 4005 ex
701 3943 806 4003 his
854 3940 1284 4002 carminibus
1333 3937 1708 4000 enucleavi.
1755 3936 2221 3997 Inveniuntur
2270 3934 2485 4011 itritur
2532 3933 2855 3995 elisiones

307 4087 3063 4128 —-—————-—-÷·=—·-·==·-··———-—--———·.·—==-—-—————-·——-—————-

327 4136 336 4246 Ι
589 4162 744 4222 apud
1013 4114 1032 4259 ΙΙ
1074 4160 1134 4207 in
1173 4159 1432 4206 versibus
1384 4119 1502 4275 --u
1583 4156 1848 4260 syllabae
1880 4155 2083 4215 longae
2160 4116 2177 4249 ΙΙ
2277 4153 2499 4200 mediae
2608 4114 2614 4214 Ι
2724 4152 2917 4199 brevis
3036 4189 3039 4208 ,

383 4386 624 4455 Vergil.:
1019 4278 1030 4534 Ι
1219 4385 1320 4433 756
1796 4381 1861 4427 85
2158 4268 2250 4486 ΙΙ

1008 4471 1013 4506 ι

2608 4273 2611 4296 ¹
3036 4251 3040 4310 1

2595 4307 2612 4458 ΕΙ
2757 4380 2852 4425 173
3036 4313 3041 4480 Ι

381 4528 576 4578 ovim
1009 4511 1013 4522 '
1218 4526 1318 4573 779
1834 4524 1862 4562 s
2353 4520 2417 4566 23
2596 4481 2613 4586 ΕΙ
2760 4518 2853 4563 129
3036 4485 3041 4564 Ι

381 4666 704 4720 Claudium
1187 4666 1319 4713 1006
1830 4662 1861 4707 2
2160 4382 2381 4877 ΙΙ9
2360 4383 2613 4822 1171Ι
2788 4656 2854 4701 46
3036 4567 3042 4806 Ι

381 4806 632 4859 Panum:
1006 4697 1014 4893 Ι
1185 4804 1319 4852 6720
1761 4801 1861 4847 325
2160 4800 2167 4887 Ι
2318 4798 2417 4843 313
2594 4745 2613 4891 ΙΙ
2754 4794 2853 4840 933
