3567 5109
1441 310 1875 377 -47-

517 502 858 583 Deinceps
893 521 1140 566 versus
1173 504 1222 564 ii
1257 504 1578 583 inprimis
1612 503 2111 566 considerandi
2146 510 2330 581 sunt,
2381 520 2558 582 quos
2590 522 2732 565 non
2778 504 3015 583 inepte

306 609 474 688 trip
487 609 644 671 arti
659 615 785 671 tos
809 609 1109 690 appellat
1129 608 1408 670 Birtius.
1438 609 1660 687 Atque
1682 609 2032 689 duplicem
2054 607 2355 670 formam
2377 608 2749 687 distinguit
2770 607 2877 671 hic
2904 610 3016 672 vir

309 714 572 776 doctus.
619 713 935 793 Namque
982 719 1100 775 aut
1144 713 1394 776 finitur
1425 714 1719 777 verbum
1753 719 1914 793 post
1948 713 2139 775 arsin
2172 713 2550 775 secundam
2592 719 2660 779 et
2694 721 3015 793 quartam

311 824 380 879 et
467 825 629 897 post
722 816 1004 881 tertium
1072 820 1503 881 trochaeum:
1556 854 1605 861 —
1631 841 1664 861 ν
1686 842 1717 861 υ
1745 854 1792 861 -
1822 814 1841 901 Η
1864 839 1897 860 υ
1919 840 1953 861 υ
1978 854 2025 861 -
2050 840 2083 860 υ
2106 814 2125 901 Η
2149 841 2181 860 υ
2211 852 2256 862 -
2285 814 2305 901 ΙΙ
2328 841 2361 861 υ
2381 840 2415 860 ν
2442 854 2491 861 -
2515 841 2547 861 ν
2570 841 2603 861 ν
2628 852 2675 862 -
2699 842 2731 871 κ
2809 821 3018 899 (apud

311 921 612 985 Birtium
677 924 844 986 haec
907 922 1132 985 forma
1198 923 1404 986 tertia
1472 922 1754 1001 dicitur)
1820 929 1939 986 aut
2011 923 2204 986 deest
2268 941 2558 986 caesura
2620 924 3015 988 muliebris:

313 1062 362 1071 -
387 1050 420 1069 υ
442 1049 475 1069 υ
499 1063 548 1071 -
575 1022 595 1111 ΙΙ
618 1049 969 1073 υυυυυυ
993 1022 1014 1111 ΙΙ
1039 1049 1382 1073 υυυυυυ
1411 1048 1461 1105 ν,
1486 1046 1692 1107 quam
1709 1028 2008 1090 formam
2028 1028 2403 1090 secundam
2424 1028 2733 1090 nominat
2744 1029 3023 1092 Birtius.

310 1133 494 1194 Haec
543 1133 774 1195 minus
823 1139 1026 1212 grata
1077 1138 1224 1195 erat
1270 1134 1497 1212 poetis
1544 1132 1829 1208 Latinis,
1879 1133 2074 1211 quod
2116 1150 2215 1194 ex·
2235 1132 2546 1202 numeris
2580 1132 2666 1194 ab
2709 1132 2829 1194 illo
2864 1135 3019 1197 viro

312 1236 521 1300 docto
613 1238 989 1317 diligenter
1079 1238 1388 1301 collectis
1479 1243 1692 1318 patet.
1768 1236 1975 1315 Apud
2066 1237 2432 1300 Paulinum
2520 1238 2697 1299 hanc
2784 1240 3024 1303 inveni

313 1339 695 1417 LXXXV¹⁰·,
730 1339 1485 1425 illachMxXXXVstz
1549 1340 1696 1405 Iam
1745 1360 1901 1405 cum
1948 1344 2329 1422 quaeritur,
2382 1347 2617 1405 utrum
2664 1360 3021 1406 caesuram

313 1447 740 1509 trochaicam
786 1466 871 1509 an
905 1448 1548 1528 semiseptenariam
1590 1448 1660 1509 in
1695 1448 1918 1511 forma
1960 1448 2171 1510 tertia
2205 1448 2532 1509 Paulinus
2564 1447 3023 1527 principalem

313 1551 836 1627 existimaverit,
869 1559 975 1613 est
1010 1551 1200 1630 quod
1233 1553 1712 1632 respondeam.
1745 1555 1971 1632 Atque
2005 1554 2309 1633 primum
2344 1552 2585 1632 negari
2620 1570 2761 1613 non
2794 1558 3025 1631 potest

309 1691 394 1700 —
443 1674 866 1736 quamquam
899 1658 1030 1719 hoc
1063 1657 1148 1719 ad
1181 1664 1503 1720 naturam
1537 1676 1865 1721 caesurae
1897 1677 2033 1721 non
2068 1659 2370 1738 pertinet
2408 1693 2481 1701 -—
2512 1656 3021 1736 „elegantiorem

309 1761 472 1823 fieri
543 1762 1060 1825 distinctionem
1127 1764 1504 1841 metricam,
1586 1764 1642 1825 si
1724 1766 2109 1826 sententiae
2192 1762 2504 1825 clausula
2590 1768 2783 1824 coeat
2870 1780 3023 1824 cum

312 1865 517 1929 verbi
559 1867 722 1929 fine.
771 1867 969 1940 Quod
1015 1869 1086 1929 in
1120 1868 1442 1948 plurimis
1475 1870 1797 1931 versibus
1831 1869 1917 1931 de
1966 1870 2555 1948 semiseptenaria,
2606 1866 2689 1929 de
2738 1885 3026 1929 caesura

311 1971 673 2033 trochaica
719 1991 890 2034 vero
938 1973 1010 2033 in
1059 1973 1168 2035 his
1216 1973 1385 2035 solis
1434 1975 1756 2036 versibus
1804 1974 2015 2036 valet:

523 2095 588 2160 X,
625 2096 754 2143 316:
793 2094 884 2143 hic
923 2099 1102 2144 metus
1139 2099 1240 2161 est,
1277 2094 1444 2144 labor
1481 2096 1600 2159 iste,
1642 2096 1762 2145 dies
1801 2110 1872 2147 ne
1911 2108 1998 2145 me
2036 2095 2271 2145 ultimus
2310 2094 2464 2160 atris,

522 2180 670 2244 XVI,
711 2183 836 2233 163:
875 2194 1028 2231 nunc
1069 2182 1212 2232 alias
1249 2184 1320 2232 de
1358 2197 1532 2249 more,
1570 2184 1680 2233 sibi
1721 2197 1864 2245 quas
1902 2188 2131 2235 coxerat
2168 2196 2340 2250 escas,

523 2268 672 2335 XIX,
712 2272 840 2319 659:
881 2270 988 2318 hoc
1025 2282 1196 2331 opere
1231 2275 1313 2319 est
1347 2270 1612 2333 perlecta,
1653 2271 1837 2320 modis
1873 2277 1935 2321 ut
1971 2271 2189 2320 consita
2224 2270 2401 2329 miris,

529 2356 726 2423 XXVI,
764 2358 858 2406 37:
899 2362 1206 2419 sanctaque
1243 2363 1374 2408 tunc
1412 2359 1639 2425 Iudaea,
1679 2359 1847 2408 domo
1885 2360 2017 2409 licet
2052 2358 2245 2422 inpius
2283 2358 2428 2417 illos,

527 2444 755 2509 XXVII,
791 2445 921 2494 455:
961 2445 1068 2493 hoc
1104 2445 1270 2494 etiam
1310 2446 1536 2511 mirare,
1577 2446 1776 2496 domus
1814 2446 1970 2509 quod
2004 2446 2271 2507 martyris
2310 2446 2441 2495 alta.

316 2546 587 2621 Quibus
637 2548 894 2611 addere
942 2566 1316 2628 possumus
1363 2550 1490 2611 hos
1539 2568 1819 2613 versus:

525 2670 633 2735 ΙΙΙ,
673 2674 730 2719 1:
775 2670 1180 2734 Europamque
1217 2671 1537 2738 Asiamque,
1577 2674 1690 2724 duo
1728 2675 1820 2723 vel
1860 2672 2109 2722 maxima
2148 2677 2332 2722 terrae

772 2760 1043 2824 membra,

529 2845 741 2911 XXIII,
779 2847 869 2894 82:
907 2846 997 2895 his
1031 2847 1200 2895 etiam
1241 2846 1480 2914 potiora,
1518 2850 1704 2896 tamen
1742 2850 1994 2908 spectata
2032 2845 2323 2907 profabor,

531 2932 761 2999 XXVII,
801 2934 924 2983 535:
963 2933 1268 2995 perfidiam
1307 2946 1485 2983 nurus
1522 2946 1652 2997 una,
1690 2933 1863 2983 tidem
1902 2946 2083 2983 nurus
2122 2934 2299 2983 altera
2337 2937 2629 2994 monstrat,

531 3019 761 3087 XXVII,
799 3022 924 3071 635:
963 3020 1142 3082 ipsius
1180 3021 1278 3082 pia
1316 3020 1486 3088 dona,
1522 3033 1675 3070 meos
1711 3020 2043 3070 commendo
2084 3021 2325 3072 labores,

323 3126 480 3187 Non
547 3124 811 3201 dubito,
890 3127 1055 3203 quin
1122 3126 1230 3187 vel
1309 3126 1380 3186 in
1455 3125 1564 3187 his
1641 3124 1967 3187 versibus
2045 3143 2330 3187 caesura
2400 3124 3036 3205 hephthemimeres

325 3232 485 3311 plus
560 3230 789 3293 valeat
866 3248 1074 3310 quam
1152 3248 1440 3293 caesura
1515 3230 1889 3293 trochaica.
1964 3229 2153 3301 Quae
2232 3230 2513 3310 quidem
2581 3230 2653 3291 in
2731 3229 3037 3308 quinque

323 3335 644 3397 versibus
675 3336 754 3413 X,
804 3342 960 3411 316;
1013 3335 1183 3411 XVI,
1235 3341 1389 3411 163;
1443 3334 1621 3411 XIX,
1674 3340 1829 3411 6593
1881 3334 2114 3409 XXVI,
2166 3339 2275 3411 37;
2330 3334 2600 3411 XXVII,
2635 3340 2759 3394 455
2790 3333 3039 3395 incidit

328 3446 490 3519 post
561 3440 792 3517 verba,
859 3458 1038 3519 quae
1103 3442 1456 3519 pertinere
1519 3447 1685 3520 puto
1745 3440 1834 3501 ad
1882 3459 1977 3514 ea,
2026 3458 2205 3518 quae
2271 3446 2688 3519 sequuntur;
2754 3444 2825 3500 at
2872 3438 3037 3499 haec

325 3544 560 3621 verba,
607 3563 782 3624 quae
829 3546 1405 3623 semiseptenaria
1454 3544 1984 3621 abscinduntur,
2031 3545 2263 3624 posita
2310 3550 2475 3606 sunt
2524 3550 2684 3605 ante
2717 3543 3040 3604 coniunc-

329 3651 589 3711 tionem
656 3654 774 3711 aut
821 3666 1209 3728 pronomen
1259 3650 1642 3712 sententiae
1688 3648 2161 3725 secundariae,
2227 3648 2323 3711 ita
2371 3654 2447 3709 ut
2495 3647 2855 3710 commode
2900 3665 3039 3708 vox

327 3760 492 3835 post
539 3772 618 3817 ea
667 3754 1049 3816 subsistere
1113 3754 1359 3834 possit.
1427 3754 1619 3815 Idem
1685 3771 2028 3833 persaepe
2094 3757 2165 3815 in
2213 3772 2499 3816 caesura
2544 3752 3043 3831 semiquinaria

333 3858 711 3922 observare
803 3858 981 3920 licet.
1074 3858 1338 3920 Deinde
1429 3877 1864 3937 nequaquam
1942 3858 2307 3921 offendere
2385 3875 2775 3938 possumus,
2854 3856 3042 3936 quod

333 3982 620 4029 caesura
682 3963 924 4026 incidit
988 3968 1148 4043 post
1194 3965 1603 4044 particulam
1655 3965 1937 4039 ‘tamen’3
2012 3981 2169 4025 nam
2234 3962 2585 4025 simillima
2648 3962 3043 4024 invenimus

333 4070 406 4131 in
453 4069 1016 4149 penthemimere.
1081 4069 1252 4130 Tum
1323 4068 1394 4130 in
1461 4087 1668 4131 versu
1713 4068 1839 4147 III,
1890 4076 1917 4127 1
1974 4074 2042 4129 et
2090 4068 2357 4149 syllaba
2406 4067 2643 4129 brevis
2699 4065 3043 4146 producta

335 4208 418 4218 ——-
495 4192 654 4236 nam
731 4174 933 4237 aliter
1009 4174 1143 4235 hoc
1220 4173 1370 4236 solo
1451 4175 1600 4235 loco
1680 4173 1944 4234 vocalis
2024 4173 2121 4249 ‘o’,
2199 4189 2407 4251 quam
2483 4169 2807 4234 omnibus
2872 4167 3043 4231 locis

336 4284 730 4359 correptam
778 4278 1078 4342 vidimus
1143 4278 1342 4340 extra
1408 4296 1782 4349 caesuram,
1850 4280 1920 4339 vi
1968 4277 2183 4339 solius
2232 4278 2409 4339 arsis
2457 4276 2797 4357 producta
2844 4280 3046 4349 esset,

337 4416 424 4427 —
485 4388 556 4445 et
620 4383 1139 4445 substantivum
1213 4378 1528 4442 ‘membra’
1596 4382 1668 4443 in
1734 4382 2018 4443 ineunte
2083 4382 2406 4461 proximo
2474 4399 2680 4443 versu
2738 4379 3047 4459 positum

337 4486 984 4567 semiseptenariam
1048 4486 1362 4549 indicant
1426 4504 1790 4549 caesuram
1864 4487 2347 4567 principalem.
2428 4486 2759 4547 Remanet
2834 4483 3051 4561 igitur

339 4591 534 4654 solus
579 4596 827 4653 versus
875 4590 1149 4667 XXVII,
1205 4596 1350 4667 535,
1396 4591 1468 4651 in
1519 4609 1657 4669 quo
1708 4610 1999 4654 caesura
2035 4591 2389 4653 trochaica
2424 4595 2697 4652 exstare
2746 4587 3047 4649 videtur.

341 4694 492 4769 Qua
535 4696 876 4759 incisione
924 4714 1170 4759 versus
1222 4704 1378 4777 apte
1426 4695 1771 4758 dividitur
1838 4698 1909 4757 in
1958 4702 2197 4775 partes
2245 4694 2393 4757 fere
2441 4692 2781 4773 aequales.
2830 4692 2921 4753 At
2966 4710 3051 4755 ne

340 4802 470 4863 hoc
518 4799 800 4879 quidem
847 4800 1004 4863 loco
1050 4801 1376 4863 incisioni
1422 4800 1820 4863 trochaicae
1838 4800 2307 4880 principalem
2341 4800 2481 4860 vim
2524 4799 2847 4871 tribuam,
2894 4812 3051 4859 cum
