3567 5109
1726 250 2155 315 -26-

801 444 1114 521 Denique
1179 443 1525 519 Paulinus,
1605 461 2025 522 quamquam
2103 446 2317 507 verba
2380 446 2733 509 trochaica
2801 456 2871 509 et
2934 448 3287 527 dactylica,

597 565 773 627 quae
823 549 890 608 in
938 566 998 606 m
1046 555 1322 624 exeunt,
1369 548 1782 628 plerumque
1830 551 1899 610 in
1946 549 2125 611 thesi
2168 552 2391 629 prima
2440 558 2509 613 et
2556 558 2805 631 quarta
2851 553 3051 616 brevi
3084 554 3288 615 hexa-

597 654 803 714 metri
851 654 1048 731 elisit,
1115 657 1351 715 tamen
1399 672 1540 715 non
1586 654 1869 716 omnino
1916 656 2162 717 vitavit
2208 674 2447 717 eorum
2495 658 2967 738 synaloephen
3015 659 3085 720 in
3136 660 3290 720 aliis

598 774 1048 841 numerorum
1094 759 1435 837 partibus,

803 863 1062 937 Restat,
1097 868 1176 925 ut
1209 862 1520 926 adferam
1565 865 1937 943 reliquos
1981 882 2293 939 versuS,
2344 868 2411 927 in
2446 866 2699 946 quibus
2746 873 2975 931 exstat
3018 869 3291 930 hiatus

601 966 804 1029 Certe
861 969 1139 1030 minime
1187 968 1706 1041 offendendum,
1787 970 1846 1031 si
1922 972 2439 1035 interiectiones
2487 990 2641 1035 cum
2690 978 3023 1053 sequente
3071 975 3293 1037 vocali

600 1090 739 1133 non
788 1076 1326 1153 coniunguntur,
1372 1074 1442 1136 id
1491 1075 1680 1153 quod
1729 1074 1843 1137 fit:

808 1196 902 1263 VI,
940 1198 1068 1247 276:
1108 1195 1152 1245 Ο
1192 1199 1370 1259 pater,
1409 1210 1442 1243 o
1477 1196 1772 1247 hominum
1814 1210 2121 1260 rerumque
2160 1202 2385 1248 aeterne
2422 1204 2675 1267 creator3

810 1282 951 1346 App.
992 1284 1068 1346 11,
1107 1286 1199 1335 51:
1238 1283 1419 1347 Salve,
1458 1298 1491 1333 o
1529 1282 1734 1346 Apollo
1771 1299 1925 1348 vere,
1964 1287 2149 1335 Paean
2186 1286 2396 1337 inclite.

815 1390 904 1451 At
950 1390 1278 1453 mendum
1343 1388 1556 1452 latere
1621 1393 1689 1453 in
1753 1409 1965 1453 versu
2034 1391 2208 1466 XIX,
2274 1398 2397 1453 364
2466 1395 2791 1472 opineris,
2859 1396 2977 1472 qui
3054 1394 3147 1454 ita
3230 1394 3295 1452 in

605 1494 963 1558 codicibus
1012 1500 1274 1558 exstat:

1038 1610 1197 1659 dives
1235 1613 1288 1658 et
1323 1610 1383 1658 in
1425 1610 1700 1670 minimis;
1737 1622 1869 1658 nam
1909 1610 2015 1659 hoc
2054 1623 2282 1672 quoque
2320 1611 2662 1673 sumpsimus
2709 1612 2851 1661 istic.

600 1713 898 1775 Versum
963 1732 1202 1777 sanare
1273 1715 1407 1777 sibi
1472 1714 1666 1776 visus
1733 1721 1841 1775 est
1896 1714 2320 1777 Muratorius
2384 1718 2743 1797 proposita
2805 1717 3098 1779 lectione
3163 1736 3304 1789 nos,-

603 1818 726 1879 sed
774 1836 1194 1899 quamquam
1244 1820 1413 1883 haec
1478 1821 1876 1882 coniectura
1939 1837 2025 1883 ex
2072 1838 2149 1881 re
2194 1820 2774 1901 palaeographica
2818 1822 3301 1904 probabilitate

603 1942 742 1985 non
791 1930 996 1993 caret,
1054 1931 1285 1986 tamen
1333 1926 1736 2004 intellegere
1783 1944 1923 1987 non
1970 1942 2279 2005 possum,
2328 1926 2496 2005 quid
2542 1945 2655 1986 nos
2701 1927 2833 1989 sibi
2880 1928 3067 2003 velit,
3115 1926 3300 2005 quod

603 2046 768 2089 sane
818 2030 1252 2109 superfluum
1299 2030 1466 2091 mihi
1512 2030 1793 2092 videtur
1852 2048 2023 2094 esse.
2075 2030 2163 2093 At
2221 2031 2308 2093 de
2359 2032 2859 2112 monosyllabis
2920 2052 3058 2095 non
3117 2031 3300 2092 elisis

605 2138 721 2195 aut
785 2135 1015 2212 longis
1092 2140 1211 2197 aut
1259 2134 1610 2212 brevibuS,
1676 2153 1854 2214 quae
1909 2155 1971 2193 m
2035 2136 2264 2199 littera
2312 2136 2774 2199 terminantur
2838 2136 2921 2201 cf.
2970 2136 3301 2199 Groeberi

607 2237 1144 2318 disputationem
1191 2242 1264 2302 in
1305 2237 1640 2304 Comment.
1699 2236 2036 2323 Woelfflin.
2082 2258 2146 2320 p.
2197 2246 2339 2321 173,
2384 2243 2683 2303 Leonem
2728 2242 2800 2302 in
2848 2236 3028 2301 stud.
3084 2236 3302 2300 Plaut.

605 2362 668 2422 p.
722 2352 841 2405 306
893 2362 1011 2424 sq.,
1061 2346 1440 2409 Haulerum
1487 2347 1561 2408 in
1595 2347 2029 2409 Dziatzkonis
2075 2349 2279 2409 tertia
2323 2344 2727 2405 Phormionis
2758 2346 3063 2408 editione
3110 2364 3174 2424 p.
3208 2352 3301 2406 56.

808 2450 1004 2513 Idem
1071 2450 1258 2514 valet
1304 2451 1389 2513 de
1435 2452 1648 2529 hiatu,
1716 2470 1924 2531 quem
1970 2450 2136 2513 libri
2182 2452 2632 2530 manuscripti
2681 2452 3009 2513 exhibent
3054 2451 3125 2511 in
3174 2449 3302 2511 hoc

607 2572 815 2616 versu
865 2557 1065 2633 (XXI,
1117 2556 1300 2634 650):

1162 2680 1430 2729 omnibus
1466 2680 1777 2741 exstructis,
1819 2692 2055 2743 operum
2093 2691 2238 2741 quae
2275 2682 2395 2728 arte
2430 2678 2725 2739 videntur-3

606 2786 724 2861 qui
772 2802 1020 2846 versus
1069 2787 1364 2849 iteratur
1407 2792 1568 2867 post
1615 2804 1899 2848 versum
1948 2790 2071 2847 '703
2129 2784 2439 2846 eiusdem
2503 2783 2832 2845 carminis
2894 2784 3177 2865 politior
3242 2790 3311 2845 et

609 2891 1021 2952 correctior:

1171 3004 1434 3053 omnibus
1470 3004 1773 3065 instructis,
1812 3016 2047 3065 operum
2089 3014 2235 3064 quae
2273 3002 2454 3050 multa
2491 2996 2767 3049 videntur.

817 3107 1082 3170 Deinde
1129 3110 1306 3189 XVI,
1357 3118 1498 3185 141,
1547 3128 1751 3189 quem
1800 3126 2082 3171 versum
2128 3107 2484 3169 Hartelius
2530 3107 2791 3185 recepit
2840 3107 2969 3167 ita:

1162 3245 1332 3281 causa
1368 3232 1493 3295 suit,
1533 3244 1718 3295 neque
1756 3230 1950 3280 herois
1989 3230 2302 3280 virtutibus
2338 3230 2464 3290 ista,

611 3336 883 3399 codices
930 3337 1290 3400 exhibent:

1162 3464 1332 3500 causa
1369 3451 1477 3500 suit
1511 3463 1692 3512 neque
1728 3462 1865 3500 vero
1904 3450 2024 3499 suis
2060 3446 2364 3498 virtutibus
2400 3448 2518 3497 ista.

612 3556 868 3617 Vitavit
935 3556 1127 3618 illum
1191 3558 1455 3619 hiatum
1520 3556 1702 3618 idem
1767 3557 1878 3616 vir
1923 3556 2168 3618 doctus
2214 3553 2341 3615 hac
2397 3554 2692 3615 lectione
2746 3550 3107 3631 proposita
3154 3550 3220 3625 (1.
3269 3549 3314 3611 1.

612 3679 672 3738 p.
723 3662 861 3738 58):
3046 3668 3051 3671 '

1165 3770 1336 3807 causa
1373 3770 1477 3807 nec
1512 3758 1701 3807 herois
1737 3757 1890 3806 vlres
1926 3754 2234 3805 virtutibus
2270 3753 2418 3801 istas.

821 3866 1088 3937 Quibus
1138 3865 1372 3927 allatis
1418 3864 1622 3926 facile
1670 3860 2013 3923 concedes
2060 3878 2199 3921 non
2246 3859 2331 3920 ab
2381 3856 2628 3919 eodem
2673 3855 2879 3936 poeta
2926 3854 3313 3934 composita

613 3988 763 4032 esse
811 3989 1020 4051 posse
1067 3970 1268 4031 haec:

821 4090 960 4153 App.
1000 4092 1107 4150 111,
1146 4093 1178 4140 5
1218 4090 1471 4152 corporis
1507 4090 1697 4151 ignote
1721 4085 1739 4153 Η
1765 4084 1960 4152 οοιιΙίε,
2000 4088 2095 4137 vix
2120 4087 2343 4148 cognite
2381 4085 2583 4148 menti3

822 4178 965 4241 App.
1005 4180 1100 4237 Iv,
1139 4182 1206 4230 24
1245 4182 1300 4228 et
1335 4178 1563 4227 tandem
1600 4176 1774 4225 finem
1803 4171 1822 4241 ΙΙ
1847 4176 1953 4239 his,
1992 4174 2101 4238 pie,
2140 4187 2288 4236 pone
2325 4173 2505 4222 malis.

1223 4386 1279 4455 h.
1329 4387 1419 4454 ne
1469 4336 1834 4453 hexametri
1882 4380 2263 4450 ellsionibus
2312 4376 2691 4463 peculiaria.

825 4551 1014 4611 Alias
1061 4550 1250 4628 leges
1313 4546 1776 4625 synaloephes
1825 4562 1861 4605 e
1908 4557 2359 4604 numerorum
2423 4537 2687 4599 normis
2752 4534 3033 4614 prodire
3098 4550 3317 4612 supra

619 4656 934 4719 diximus,
1022 4655 1205 4730 Quas
1271 4654 1406 4718 iam
1473 4652 1865 4715 accuratius
1930 4648 2442 4729 perscrutemur
2509 4649 2575 4707 et
2648 4642 2953 4727 primum
3028 4636 3113 4703 de
3191 4652 3317 4702 ex-

615 4759 886 4835 tremis
933 4758 1366 4831 hexametri
1410 4755 1764 4847 pertibus
1815 4771 2115 4837 agamus.
