3567 5109
1428 288 1866 351 -89-

288 518 549 580 semper
584 503 739 563 ante
778 496 1002 563 oculos
1038 497 1346 563 habebat.
1390 498 1537 563 Iam
1573 502 1790 582 ipsum
1826 502 1986 563 artis
2025 499 2391 564 rhetoricae
2429 496 2887 583 fragmentum,
2930 497 3011 562 de

292 626 423 690 quo
473 604 907 688 disputamuS,
954 604 1438 689 inspiciendum
1482 611 1601 670 est.

504 710 703 796 Quod
746 716 961 777 totum
1008 702 1293 795 speciem
1343 716 1961 777 commentariorum
2015 712 2103 777 ad
2152 711 2404 778 dictata
2450 715 2750 795 magistri
2797 714 3013 776 cuius-

292 818 449 883 dam
497 818 761 884 dicendi
807 823 1201 902 scriptorum
1256 840 1413 903 prae
1464 840 1532 884 se
1580 818 1755 884 ferre
1802 823 1933 884 iam
1981 818 2284 884 vidimus.
2367 818 2692 902 Magister
2745 816 2858 884 ille
2905 839 3013 883 ex-

292 925 521 1009 pedita
586 926 872 1009 quidem,
940 925 1059 991 sed
1122 925 1279 991 exili
1343 933 1411 991 et
1474 925 1664 991 arida
1720 930 2018 992 oratione
2077 925 2287 1007 docet,
2355 925 2518 1011 quid
2563 930 2626 991 ei
2673 917 3014 991 sciendum

292 1040 497 1117 atque
542 1032 923 1098 faciendum
972 1037 1077 1113 sit,
1129 1038 1240 1117 qui
1288 1033 1466 1117 apud
1513 1033 1800 1099 iudicem
1847 1054 2116 1099 causam
2164 1032 2443 1098 alicuius
2481 1052 2676 1116 agere
2714 1030 2889 1098 velit.

510 1139 607 1203 At
644 1138 975 1227 quomodo
1012 1140 1179 1205 haec
1218 1146 1575 1225 praecepta
1615 1162 1763 1205 cum
1802 1144 2094 1205 veritatis
2133 1161 2355 1205 amore
2386 1146 2454 1205 et
2482 1139 2810 1204 mendacii
2840 1136 3015 1216 odic,

298 1268 429 1330 (100
483 1252 623 1311 tum
677 1246 1023 1329 impletum
1078 1246 1284 1312 fuisse
1310 1248 1331 1285 ¹
1378 1247 1825 1330 Augustinum
1871 1246 2074 1331 paulo
2120 1268 2320 1330 supra
2367 1245 2794 1324 ostendimus,
2845 1266 3016 1309 com-

294 1358 451 1437 poni
498 1352 819 1437 possunt?
1883 1354 1890 1359 ’

508 1460 837 1543 Equidem
874 1460 1059 1525 nullo
1098 1460 1293 1526 modo
1333 1464 1542 1525 virum
1569 1459 1779 1526 ullum
1811 1460 2076 1527 doctum
2105 1466 2320 1525 mente
2351 1462 2697 1543 concipere
2728 1478 3017 1541 possum,

297 1570 428 1651 (101,
492 1588 639 1633 0001
704 1566 1083 1651 philosophi
1148 1566 1301 1633 odio
1356 1568 1751 1633 rhetoricam
1807 1573 2189 1652 persecutus
2246 1572 2440 1645 esset,
2507 1568 2738 1647 paucis
2787 1563 3019 1629 diebus

296 1681 451 1758 post
494 1678 839 1740 tritissima
884 1674 1002 1739 illa
1049 1674 1385 1739 rhetorum
1429 1680 1788 1759 praecepta
1837 1695 1958 1740 sua
2006 1680 2239 1758 sponte
2295 1693 2378 1738 00
2435 1676 2706 1736 minima
2755 1671 3022 1753 quidem

296 1786 692 1847 necessitate
733 1788 1002 1847 coactus
1032 1802 1255 1846 coram
1284 1786 1529 1861 amiciS‚
1582 1804 1749 1868 quos
1788 1781 2152 1865 disciplinis
2189 1778 2574 1846 liberalibus
2613 1785 2811 1863 atque
2852 1778 3022 1842 adeo

296 1893 445 1972 ipsa
509 1888 932 1972 philosophia
993 1888 1282 1954 imbutos
1346 1889 1551 1955 fuisse
1618 1892 2059 1972 cognovimuS,
2125 1909 2259 1952 non
2313 1884 2527 1951 solum
2583 1883 2766 1950 nullo
2822 1883 3022 1949 verbo

299 1999 785 2079 vituperaverit,
836 1995 955 2061 sed
1000 2000 1201 2061 etiam
1245 2000 1486 2061 iterum
1531 2002 1730 2079 atque
1777 1999 2018 2060 iterum
2062 1992 2453 2059 laudaverit.

516 2102 777 2168 Deinde
824 2124 983 2168 num
1033 2106 1310 2185 cogitari
1355 2109 1576 2187 potest
1604 2102 2053 2186 Augustinum
2093 2101 2175 2166 de
2213 2104 2586 2185 praeceptis
2633 2096 2768 2163 11113
2813 2102 3025 2161 10100-

298 2213 591 2301 tissimis,
650 2210 831 2275 velut
886 2210 966 2275 de
1024 2214 1336 2294 asystatis
1352 2210 1395 2289 ²,
1444 2209 1904 2294 disputavisse,
1957 2230 2125 2294 quae
2175 2213 2305 2273 iam
2352 2206 2584 2273 Cicero
2633 2202 3026 2269 adulescens

302 2315 548 2382 nullius
614 2338 761 2382 esse
824 2316 1135 2382 utilitatis
1199 2323 1377 2381 recte
1442 2316 1864 2382 intellexerat
1918 2322 1986 2381 et
2047 2320 2116 2381 in
2181 2313 2368 2380 libris
2433 2311 2566 2377 illis
2631 2310 2736 2376 De
2801 2314 3028 2375 inven-

301 2425 480 2488 tione
528 2428 789 2507 scriptis
835 2430 1123 2489 tractare
1169 2421 1518 2489 noluerat?
1574 2422 1745 2488 'I'um
1793 2421 2142 2487 adfirmare
2189 2442 2326 2486 non
2359 2418 2519 2485 licet
2556 2419 3026 2502 Augustinum,

304 2551 501 2615 quem
538 2534 817 2595 maxime
859 2534 1297 2615 paenituerat,
1332 2528 1510 2615 quod
1550 2550 1790 2613 pucros
1829 2534 1968 2594 sine
2002 2528 2154 2594 dolo
2186 2528 2521 2593 docuisset
2549 2524 2757 2605 dolos,
2791 2523 3028 2608 quibus

304 2658 441 2702 non
481 2644 711 2703 contra
752 2644 954 2720 caput
988 2640 1378 2716 innocentis,
1414 2636 1531 2701 sed
1560 2635 1921 2719 aliquando
1952 2657 2072 2719 pro
2104 2640 2321 2719 capite
2359 2636 2659 2699 nocentis
2699 2634 2974 2713 agerent
2990 2630 3029 2706 ³,

306 2766 366 2809 a.
406 2746 554 2810 387.
605 2764 816 2828 aequo
866 2748 1083 2809 animo
1129 2744 1257 2809 hoc
1304 2742 1587 2809 scribere
1634 2746 1959 2827 potuisse:
2009 2743 2399 2825 Παράδοξον
2434 2746 2530 2805 est
2563 2737 3031 2804 controversiae

301 2873 530 2937 genus,
595 2858 673 2915 vt
732 2874 940 2937 supra
991 2852 1401 2935 definiebam,
1466 2852 1543 2915 in
1596 2872 1723 2935 quo
1778 2858 2056 2935 utraque
2107 2850 2452 2914 inhonesta
2495 2868 2622 2911 sun
2631 2852 2672 2927 t,
2733 2852 2865 2909 tam
2929 2864 3031 2907 res

308 2980 505 3043 quam
528 2979 829 3043 persona,
859 2960 1067 3024 reim:
1110 2958 1566 3043 ‘2'n1mdicit'iae
1593 2978 1745 3022 reus
1771 2957 2031 3041 fortiter
2055 2957 2242 3041 feeit:
2267 2956 2439 3039 petit
2453 2952 2743 3038 praemii
2768 2950 3031 3015 nomine

308 3066 703 3131 accusatoris
720 3067 833 3130 sui
848 3073 1115 3131 mortem
1132 3066 1189 3102 '⁴
1216 3117 1229 3131 .
1259 3117 1271 3130 .
1301 3118 1313 3129 .
1350 3066 1436 3129 In
1454 3066 1810 3149 paradoxa,
1839 3065 1912 3127 id
1936 3064 2133 3128 estin
2153 3054 2712 3145 malae'opim‘onis
2743 3059 3031 3137 themate,

309 3174 435 3237 ubi
477 3179 537 3237 et
570 3194 887 3257 personae
942 3179 1002 3237 et
1053 3173 1153 3237 rei
1194 3172 1481 3256 diynitas
1517 3172 1775 3255 pariter
1823 3169 2162 3251 laborabit,
2231 3167 2634 3251 lonyioribus
2671 3163 3033 3249 principiis

309 3281 627 3345 utendum
674 3282 799 3345 erit
843 3286 903 3345 et
937 3278 1309 3364 purgandis
1353 3278 1841 3362 mtspieionibus
1893 3298 2088 3361 opera
2136 3275 2480 3340 tribuenda
2525 3279 2588 3337 et
2629 3270 2899 3336 demisse
2946 3271 3033 3335 lo·

309 3389 641 3471 quendum
695 3409 845 3452 cum
897 3387 1237 3451 sententiis
1294 3392 1433 3450 tum
1490 3386 1703 3450 verbis
1758 3385 1955 3449 etiam
1991 3383 2272 3468 propius
2322 3380 2710 3446 blanditiam
2754 3378 2921 3459 sitis,
2978 3383 3040 3441 et

312 3495 726 3579 querimonia
760 3494 955 3578 quasi
996 3494 1158 3578 falsi
1199 3493 1401 3557 inlati
1442 3492 1746 3557 criminis
1791 3496 1854 3555 et
1893 3491 2104 3575 falsae
2146 3488 2468 3572 infamiae
2504 3486 2888 3571 compositae
2923 3484 3036 3547 ad-

313 3624 539 3666 versus
584 3622 706 3667 nos
741 3623 865 3685 per
908 3602 1250 3681 invidiam,
1298 3600 1746 3663 summ-issima
1796 3603 1921 3662 toto
1966 3618 2225 3680 corpore
2271 3594 2671 3678 conformato
2724 3594 2812 3656 ad
2865 3612 3034 3655 rere-

312 3710 641 3791 cundiam,
690 3709 1040 3772 mammis-30
1084 3709 1279 3789 voltu,
1326 3707 1533 3770 oeulis
1572 3711 1814 3770 terram
1848 3704 2283 3785 intzeentibzw,
2330 3722 2536 3785 neque
2569 3701 2756 3763 illam
2782 3698 3036 3778 aeriter,

312 3817 441 3893 sed,
489 3817 553 3879 si
586 3837 962 3899 possumus,
1010 3815 1205 3879 etiam
1251 3834 1513 3878 memore
1558 3812 1970 3876 dissimulato
1983 3810 2028 3876 5.

529 3922 797 3987 Etenim
854 3944 1047 4006 quae
1102 3922 1236 3985 hoc
1292 3921 1447 3985 loeo
1492 3925 1561 3984 et
1603 3918 1807 3983 alibi
1847 3915 2482 4002 praecipiuntur,
2539 3914 2746 3977 haud
2779 3910 3033 3995 philo-

533 4168 553 4203 ²
599 4166 811 4221 Gravia
866 4171 1017 4220 certe
1074 4170 1205 4220 sunt
1258 4166 1397 4219 haec
1443 4166 1749 4235 Augustini
1809 4165 1982 4218 verba
2038 4160 2309 4234 (confess.
2347 4160 2436 4213 IX
2473 4160 2524 4224 2,
2562 4160 2644 4225 2):
2703 4157 2775 4210 Et
2823 4156 3042 4225 placui!

312 4257 464 4311 milei
502 4298 513 4311 .
546 4298 560 4310 .
591 4298 603 4310 .
640 4257 953 4311 subtrahere
1006 4254 1383 4309 ministerium
1441 4255 1664 4323 linquae
1717 4272 1868 4307 meae
1921 4251 2202 4305 nundinis
2257 4248 2634 4319 loquacitati3‚
2689 4264 2756 4299 ne
2809 4245 3043 4299 ulter-ius

308 4344 479 4417 pueri
532 4346 855 4399 meditantes
895 4387 909 4399 .
950 4386 963 4398 .
1003 4387 1016 4399 .
1062 4342 1323 4398 insanias
1369 4344 1652 4397 mendaces
1697 4349 1745 4397 et
1792 4343 1931 4396 bella
1975 4339 2222 4408 forensia
2267 4342 2642 4392 mercarentur
2686 4354 2751 4389 ea:
2794 4353 2884 4389 ore-
2927 4352 3042 4388 meo

316 4452 479 4489 arma
516 4434 705 4502 furor-i
742 4452 859 4487 ⁸110.

536 4522 559 4556 ²
595 4540 641 4576 0.
683 4522 767 4577 15.

536 4612 559 4647 ³
595 4612 845 4665 Confess.
875 4610 961 4666 JV
990 4612 1039 4676 2,
1078 4611 1127 4664 2.

430 4729 435 4741 ·
536 4703 557 4735 ⁴
596 4718 645 4754 c.
686 4702 767 4755 18.

539 4790 561 4824 ³
598 4807 643 4843 0.
682 4790 769 4843 21.
