3567 5109
1708 315 2203 377 —150—

590 523 720 604 En,
765 525 1019 608 integer
1056 527 1469 608 septenarius
1507 533 1622 591 est.
1672 525 1923 591 Tamen
1954 525 2254 591 Ribbeck
2291 525 2654 592 diverbium
2685 529 3096 593 constituens
3126 527 3342 593 alteri

591 631 765 715 parti
795 633 925 696 vim
960 632 1205 712 intulit,
1236 654 1384 697 cum
1416 653 1533 696 suo
1564 631 1861 716 periculo
1891 633 2054 698 haec
2086 633 2297 698 dedit:
2343 635 2500 698 scite
2527 635 2838 719 nimquid
2851 635 3341 720 promptim-iffi.

588 739 705 803 ubi
758 737 921 804 illud
976 739 1287 824 nimquid
1338 736 1477 803 vult
1522 738 1898 824 ‘numquid'
1947 738 2180 806 valere.
2273 737 2372 803 At
2425 759 2508 804 ne
2555 741 2626 804 in
2671 743 3006 806 sententia
3052 739 3340 824 quidem

590 851 706 925 est,
757 845 934 930 quod
972 846 1318 929 vituperes,
1356 845 1709 912 dummodo
1751 845 1931 928 apud
1958 845 2321 911 Pacuvium
2347 869 2719 931 promerere
2754 867 2980 912 vocem
3017 846 3344 922 mediam,

590 973 787 1036 quam
834 951 1081 1032 dicunt,
1126 952 1326 1018 fuisse
1374 974 1613 1020 sumas.
1662 952 1998 1021 Videlicet
2044 952 2125 1018 de
2170 951 2434 1018 homine
2484 955 2720 1038 agitur,
2769 953 2886 1036 qui
2921 952 3160 1036 culpae
3209 951 3340 1017 ali·

590 1059 772 1124 cuius
818 1057 944 1124 sibi
984 1061 1305 1140 consciae,
1352 1082 1435 1125 ne
1475 1081 1723 1144 poenas
1762 1060 2031 1144 pendat,
2081 1059 2307 1124 dolum
2344 1060 2776 1125 machinatur.
2823 1059 3052 1142 Atque
3093 1081 3339 1124 versus

586 1167 694 1238 vix
746 1167 815 1232 in
872 1167 1070 1232 aliam
1125 1167 1419 1234 fabulam
1474 1167 1708 1233 melius
1766 1167 2074 1232 convenit
2131 1189 2328 1250 quam
2373 1167 2442 1232 in
2491 1165 2824 1250 Chrysem‚
2891 1167 3066 1231 unde
3117 1167 3338 1232 etiam

590 1274 718 1338 378
766 1273 1017 1338 Deinde
1070 1276 1413 1358 adqredae'ar
1466 1282 1614 1340 astu
1671 1297 1901 1360 reqem,
1959 1275 2181 1359 (nam)
2226 1275 2802 1340 miztieulandam
2845 1279 2943 1338 est
2983 1273 3162 1337 mihi
3211 1295 3336 1336 ex-

590 1385 885 1462 cerptum
932 1401 1071 1446 esse
1118 1388 1296 1464 pute.
1391 1381 1695 1448 Orestem
1740 1382 1916 1446 enim
1965 1380 2146 1464 apud
2189 1379 2550 1446 Pacuvium
2609 1385 2998 1463 tempestate
3047 1379 3334 1446 conflic-

588 1492 799 1550 tatum
853 1487 1051 1551 rebus
1104 1489 1363 1552 amissis
1415 1489 1487 1553 in
1543 1488 1699 1552 litus
1746 1488 2114 1555 Taurorum
2171 1488 2449 1552 eiectum
2496 1507 2640 1552 esse
2686 1487 2985 1552 conicere
3032 1486 3198 1551 licet
3249 1507 3336 1550 ex

588 1593 987 1658 incertorum
1034 1593 1125 1676 fg.
1172 1617 1227 1658 v.
1268 1596 1425 1659 375:

772 1735 962 1800 Velut
1014 1737 1261 1801 Orestes
1307 1738 1491 1802 modo
1536 1738 1675 1822 fuit
1716 1759 1850 1818 rer,
1899 1738 2145 1822 factust
2189 1739 2524 1803 mendicus
2569 1739 2754 1802 modo

763 1841 917 1906 Nau
920 1842 1155 1926 frayia
1206 1843 1452 1927 Nempe
1496 1865 1641 1928 erqo
1686 1843 1759 1908 id
1801 1844 2054 1928 factum
2099 1844 2294 1908 Forte
2339 1849 2460 1908 aut
2501 1843 2808 1908 Fortuna
2851 1843 3120 1928 obtiqit?
3141 1843 3178 1920 ¹,

590 2003 788 2066 quam
828 1983 914 2048 ad
951 2005 1087 2048 rem
1126 1990 1377 2049 certum
1416 2005 1677 2069 quoque
1710 1984 1980 2069 Chrysis
2017 1984 2462 2069 fragmentum
2493 1989 2789 2068 spectare
2819 1983 3076 2048 videtur
3107 1983 3324 2068 76s77

586 2089 845 2154 Interea
883 2091 1005 2154 loci
1042 2092 1051 2174 Ι
1092 2091 1319 2156 Γίηείιῖ
1349 2092 1745 2177 thecis-eant,
1786 2093 2100 2156 silescunt
2137 2093 2327 2175 venti,
2365 2092 2664 2156 mollitur
2697 2113 2895 2156 mare.
2948 2090 3118 2155 Tum
3156 2111 3318 2154 vero

586 2217 721 2262 non
768 2197 928 2260 satis
974 2196 1105 2262 fuit
1150 2199 1571 2264 simulacrum
1618 2198 1783 2264 deae
1832 2198 2062 2276 furari,
2127 2198 2244 2263 sed
2301 2199 2502 2262 etiam
2547 2219 2663 2262 rex
2709 2198 2918 2262 sorori
2965 2195 3318 2262 adeundus

586 2309 750 2381 erat,
798 2310 873 2369 ut
919 2303 1073 2368 dolo
1120 2327 1374 2384 navem,
1425 2328 1556 2390 qua
1601 2305 1930 2390 fugerent,
1987 2305 2544 2370 nanciscerentur.
2601 2303 2782 2368 Hinc
2828 2325 2885 2368 v.
2925 2305 3056 2368 378
3101 2302 3315 2386 expli-

588 2415 773 2473 catur
800 2415 868 2474 et
897 2413 1027 2475 379
1063 2414 1437 2477 machinam
1472 2414 1713 2477 ordiris·
1748 2435 2006 2478 noram.
2057 2409 2242 2496 Quae
2272 2410 2576 2476 machina
2602 2407 2886 2475 fortasse
2915 2407 3146 2473 similis
3179 2407 3316 2472 fuit

586 2517 665 2594 ei,
714 2539 843 2599 qua
889 2519 1068 2601 apud
1102 2519 1488 2602 Euripidem
1524 2519 1788 2585 Helena
1817 2518 2370 2603 Theoclymenum
2408 2517 2686 2600 decepit.
2735 2515 2962 2584 Verba
2999 2515 3310 2598 denique,

586 2644 627 2687 a
676 2623 911 2706 quibus
957 2625 1243 2707 profecti
1290 2647 1511 2690 sumus
1542 2628 1746 2710 (377),
1799 2626 2118 2692 Thoantis
2156 2646 2300 2690 esse
2350 2631 2643 2708 possunt,
2694 2624 2808 2708 qui
2855 2623 3110 2705 Chrysi,
3159 2641 3310 2686 cum

586 2728 909 2814 fugientes
956 2734 1269 2815 exposcit,
1313 2739 1576 2798 enarrat
1604 2733 2020 2816 Iphigeniam
2055 2754 2191 2797 non
2228 2730 2422 2796 modo
2462 2729 2683 2796 officio
2720 2729 2964 2795 violato
3005 2728 3310 2794 Orestem

584 2859 896 2919 servasse,
964 2840 1082 2905 sed
1147 2841 1345 2905 etiam
1411 2839 1683 2905 subdole
1740 2840 1828 2905 ad
1883 2841 2098 2923 ipsum
2153 2839 2526 2918 accessisse,
2595 2843 2669 2902 ut
2713 2835 3063 2902 simulacro
3111 2841 3306 2918 rapto

587 2943 971 3010 facultatem
1018 2945 1215 3030 fugae
1264 2954 1549 3030 pararet.

794 3051 1217 3120 Promiscuus
1264 3053 1369 3118 hic
1416 3075 1573 3119 usus
1612 3051 1790 3118 verbi
1838 3053 2272 3136 promerendi,
2316 3073 2509 3138 quem
2549 3051 2837 3116 Pacuvio
2876 3071 3024 3114 cum
3063 3050 3306 3116 Plauto

586 3179 994 3223 communem
1068 3181 1208 3225 esse
1282 3160 1591 3240 vidimus,
1668 3161 1987 3225 sermonis
2063 3158 2278 3244 plebei
2352 3158 2655 3242 proprius
2731 3157 2990 3222 videtur
3060 3157 3302 3235 fuisse;

583 3285 738 3328 nam
793 3287 833 3330 a
889 3266 1194 3331 Terentio
1252 3289 1620 3352 promerere
1676 3272 1741 3330 et
1797 3289 2175 3332 commerere
2240 3272 2546 3330 accurate
2612 3265 2928 3348 distingui
2993 3265 3306 3331 Donatus

588 3371 835 3436 docet2.

796 3477 1151 3542 Praeterea
1197 3479 1265 3544 in
1314 3479 1560 3563 Chryse
1608 3479 2046 3562 explicatione
2085 3485 2280 3563 egent
2315 3501 2370 3543 V.
2412 3481 2790 3544 104-1062

1977 3603 2446 3688 promerenda⁸
2485 3605 2704 3688 qratia
2715 3629 2736 3668 .·

1147 3709 1368 3774 Simu-l
1410 3732 1558 3774 eum
1606 3711 1859 3775 rideam
1915 3711 2151 3775 Graios
2193 3711 2297 3774 nil
2339 3711 2742 3775 mediocriter

1138 3817 1657 3901 Redamptruare
1692 3818 2052 3902 opibusque
2095 3817 2376 3882 summis
2411 3816 2736 3902 persequi.

585 3934 955 4021 Quaeritur,
984 3961 1117 4024 qua
1144 3941 1207 4005 vi
1235 3942 1725 4025 redamptruare
1753 3940 2094 4028 (redantr.)
2121 3941 2364 4006 dictum
2396 3942 2500 4005 sit.
2550 3941 2730 4006 Festi
2757 3939 3301 4024 interpretatione

585 4045 675 4126 (p.
707 4045 834 4110 270
856 4044 974 4124 Μ.,
1008 4048 1136 4113 370
1159 4046 1337 4128 Τ11.);
1378 4049 1506 4112 red.
1540 4047 1783 4112 dicitur
1807 4049 1887 4112 in
1920 4048 2254 4112 Saliorum
2280 4048 2822 4113 eoeultationibm:
2861 4069 3010 4112 cam
3029 4049 3306 4132 praesul

581 4153 1003 4236 amptruavit,
1069 4156 1243 4238 quod
1294 4161 1389 4219 est
1438 4161 1655 4220 motus
1708 4155 1926 4237 edidit,
1991 4155 2054 4219 ei
2104 4155 2485 4239 referuntur
2535 4154 2813 4218 invicem
2867 4155 3040 4218 idem
3084 4161 3304 4220 motus

798 4363 819 4400 ¹
855 4365 1063 4418 Versus
1092 4367 1150 4418 in
1179 4366 1337 4420 libris
1366 4367 1533 4420 valde
1560 4366 1817 4420 turbatus
1843 4397 1911 4408 -
1943 4368 2000 4420 in
2029 4385 2095 4420 eo
2126 4367 2299 4420 allato
2329 4367 2708 4421 recensionem
2737 4363 2948 4419 Marxii
2977 4365 3122 4432 (Ine.
3151 4369 3303 4419 auct.

583 4451 653 4506 ad
680 4451 928 4509 Herenn.
956 4452 1021 4506 11
1048 4454 1139 4521 36)
1176 4459 1396 4508 secutus
1427 4473 1547 4510 sum
1576 4487 1644 4497 —
1674 4456 1796 4510 sola
1823 4455 2154 4510 scholiastae
2192 4456 2597 4525 interpretatiO,
2627 4471 2794 4522 quam
2823 4454 2896 4507 ob
2927 4454 3298 4523 suspicionem

581 4539 752 4596 Ribb.
790 4559 915 4596 eum
954 4543 1257 4610 damnavit,
1306 4561 1421 4598 esse
1458 4563 1571 4598 non
1607 4549 1810 4616 potest.
1883 4545 2300 4614 Argumentum
2337 4545 2537 4599 saltem
2573 4543 2896 4612 tragoediae
2935 4545 2998 4609 is,
3035 4545 3132 4614 qui
3171 4561 3300 4598 eum

584 4631 818 4699 scripsit,
858 4632 1031 4684 novit.

796 4717 818 4752 ²
853 4719 945 4772 Ad
984 4719 1226 4787 Adelph.
1264 4721 1368 4774 201
1409 4721 1491 4787 (ΙΙ
1531 4721 1581 4788 1,
1617 4723 1729 4789 47).

797 4805 820 4841 ³
854 4806 948 4862 Ita
984 4807 1049 4863 L.
1088 4808 1354 4877 Mueller3
1392 4808 1649 4864 Ribbeck
1678 4829 1786 4880 pro
1821 4811 2092 4867 merenda.

3527 417 3530 502 l
