3567 5109
1671 268 2112 329 —14-

529 478 781 556 habuit,
832 478 901 543 id
949 480 1227 545 maxime
1276 500 1616 561 pressurus
1672 477 1876 543 fuisse
1931 478 2394 557 existimamus,
2445 476 2626 560 quod
2679 474 2984 543 Socrates
3031 476 3258 541 adule-

530 592 819 651 scentem
857 584 1207 669 plurimum
1246 586 1559 667 temporis
1598 591 1887 649 sectatus
1917 586 2003 649 sit
2031 591 2098 649 et
2127 583 2520 667 discipulum
2559 606 2748 649 suum
2785 582 2926 648 fieri
2953 584 3270 665 coegerit„

746 690 1127 757 Sententiae
1190 713 1325 757 non
1390 693 1604 756 minus
1670 690 2022 775 singularis
2087 697 2318 757 auctor
2383 697 2483 757 est
2549 691 2619 757 O.
2675 692 2785 755 Fr.
2833 690 3258 755 Hermannus

528 802 617 881 (p.
666 800 841 881 440),
912 799 1023 882 qui
1081 798 1413 880 dialogum
1470 800 1916 881 conscriptum
1963 820 2104 863 esse
2152 805 2342 881 putat
2390 820 2466 865 eo
2513 805 2825 882 tempore,
2893 818 3024 880 quo
3069 794 3255 871 Alci-

528 906 759 973 biades
824 907 1194 989 praeceptis
1242 903 1537 971 Socratis
1604 907 1898 989 magistri
1957 906 2056 970 sui
2111 906 2427 989 neglectis
2475 906 2750 971 consilia
2799 906 3052 988 patriae
3097 924 3256 968 suae

529 1014 901 1096 perniciosa
963 1014 1218 1091 inierat,
1286 1020 1359 1077 ut
1414 1013 1713 1079 iuvenem
1768 1012 1860 1079 ad
1905 1036 2090 1077 suam
2141 1013 2390 1079 vivendi
2453 1020 2516 1077 et
2564 1011 2887 1078 sentiendi
2933 1012 3272 1085 rationem⁸

527 1126 883 1185 revocaret.
922 1118 1237 1183 Similiter
1267 1118 1707 1186 Steinhartius
1747 1121 2081 1185 existimat
2117 1121 2422 1202 scriptori
2461 1120 2874 1203 propositum
2913 1118 3132 1195 fuisse,
3183 1124 3254 1189 ut

528 1226 948 1291 Alcibiadem
999 1247 1038 1289 a
1088 1227 1471 1308 perniciosis
1536 1226 1771 1291 studiis
1841 1227 2200 1293 deterreret
2253 1248 2331 1293 ac
2389 1226 2738 1308 repelleret
2793 1231 2859 1291 et
2913 1225 2999 1291 ad
3055 1225 3254 1287 vitam

528 1354 677 1399 vere
724 1332 1133 1398 Socraticam
1190 1339 1256 1397 et
1305 1333 1391 1397 ad
1445 1355 1583 1399 rem
1632 1332 1966 1416 publicam
2014 1334 2309 1399 Socratis
2365 1335 2620 1399 ratione
2665 1329 3254 1397 administrandam

530 1440 885 1505 reduceret.
936 1438 1069 1505 Sed
1115 1442 1357 1519 nescio,
1406 1463 1493 1505 an
1540 1442 1607 1505 hi
1655 1442 1775 1505 viri
1825 1441 2001 1506 docti
2049 1448 2116 1505 et
2159 1440 2462 1507 Platonis
2501 1440 2878 1523 peritissimi
2915 1440 2984 1505 in
3021 1439 3148 1503 hac
3185 1458 3254 1499 re

530 1553 779 1611 rectum
824 1568 959 1611 non
1008 1546 1304 1613 viderint
1352 1548 1485 1613 Vix
1532 1549 1705 1611 enim
1754 1547 1896 1613 fieri
1943 1550 2174 1630 potuit,
2225 1555 2296 1612 ut
2343 1547 2775 1630 philosophus
2821 1546 3130 1611 imberbis
3175 1565 3254 1609 eo

526 1662 839 1736 tempore,
920 1674 1048 1737 quo
1124 1653 1547 1719 Hermannus
1629 1661 1699 1719 et
1772 1654 2214 1720 Steinhartius
2297 1654 2628 1737 dialogum
2714 1655 3030 1735 scriptum
3113 1672 3252 1717 esse

526 1766 797 1825 censent
864 1800 943 1807 ——
1012 1760 1345 1827 nonnullis
1418 1768 1570 1825 ante
1639 1760 1934 1827 Socratis
2007 1768 2282 1827 mortem
2359 1762 2548 1827 annis
2613 1759 2964 1827 Alcibiade
3037 1758 3254 1823 adhuc

532 1868 675 1931 vivo
724 1906 805 1913 —
866 1869 1247 1949 imperatori
1306 1869 1696 1950 peritissimo
1754 1875 1824 1933 et
1867 1869 2335 1951 gloriosissimo
2385 1868 2829 1953 persuaderet,
2895 1869 3093 1933 immo
3141 1865 3252 1931 ille

529 1972 909 2055 indignatus
957 1974 1247 2039 moribus
1294 1976 1429 2039 suis
1477 1976 1571 2041 ita
1620 1975 1900 2057 depictis
1945 1998 2078 2041 non
2125 1978 2372 2041 moneri
2422 1998 2510 2053 se,
2561 1975 2681 2041 sed
2717 1974 3072 2057 vituperari
3103 1994 3252 2037 cen-

526 2080 779 2144 suisset.
826 2080 1059 2163 Neque
1102 2080 1371 2145 dubium
1410 2087 1527 2159 est,
1570 2084 1727 2164 quin
1755 2084 2059 2164 scriptor,
2101 2084 2154 2147 si
2183 2082 2598 2149 Alcibiadem
2630 2104 2892 2147 monere
2922 2079 3250 2154 voluisset,

530 2186 695 2251 alias
743 2187 801 2249 ei
850 2192 1071 2268 partes
1118 2186 1483 2253 tributurus
1532 2189 1744 2253 fuerit.

740 2292 976 2375 Neque
1026 2294 1387 2377 quidquam
1426 2295 1739 2376 proficere
1778 2316 1900 2359 nos
1939 2318 2129 2378 posse
2171 2302 2474 2379 putamus
2511 2296 2610 2373 iis,
2663 2316 2828 2377 quae
2859 2292 3253 2375 Rudolphus

527 2398 751 2463 Hirzel
800 2400 870 2463 in
916 2399 1091 2463 Mus·
1138 2399 1260 2465 Rh.
1310 2400 1511 2467 XLV
1557 2403 1809 2485 (1890),
1861 2425 1920 2484 p.
1963 2406 2090 2469 419
2139 2424 2316 2487 seqq.
2367 2403 2659 2485 protulit,
2711 2402 2822 2485 qui
2860 2402 3042 2465 nisus
3089 2399 3254 2463 mira.

524 2526 683 2569 sane
729 2506 845 2571 illa
891 2512 958 2571 et
1003 2506 1317 2589 singulari
1366 2510 1720 2573 sententia:
1770 2532 1890 2575 nos
1937 2511 2064 2575 nisi
2112 2512 2399 2575 divinam
2449 2517 2700 2593 partem
2755 2509 2965 2573 nostri
3013 2526 3249 2589 cogno-

526 2614 859 2691 vissemus,
926 2634 1137 2696 neque
1195 2635 1363 2696 quae
1418 2620 1665 2695 nostra,
1728 2637 1944 2701 ,neque
2004 2638 2174 2701 quae
2220 2618 2498 2683 aliorum
2555 2620 2790 2694 essent,
2859 2632 3251 2697 cognoscere

528 2720 771 2801 1105110,ι
834 2724 1047 2783 totum
1111 2719 1445 2802 dialogum
1512 2723 1954 2805 conscriptum
2019 2744 2160 2789 esse
2227 2723 2570 2789 contendit
2630 2724 2699 2785 in
2753 2720 3248 2793 Aristoxenum,

526 2824 905 2889 Aristotelis
950 2824 1133 2889 illum
1182 2832 1247 2891 et
1292 2827 1860 2911 Pythagoreorum
1908 2829 2326 2913 discipulun1;
2379 2831 2611 2913 quem²
2649 2830 2716 2893 in
2752 2827 2922 2893 libro
2963 2824 3250 2909 quodam

524 2934 895 2997 narravisse
960 2932 1203 2997 Indum
1270 2934 1597 3016 quendam
1656 2935 1994 3001 Socratem
2061 2939 2462 3015 convenisse,
2529 2938 2719 3021 eique
2787 2932 3250 3017 philosophum

525 3039 958 3120 interroganti
985 3042 1044 3102 τί
1064 3046 1271 3105 ποιῶν
1298 3043 1699 3125 φιλοσοφοίη,
1730 3044 2148 3125 respondisse
2177 3066 2246 3109 se
2276 3046 2344 3109 in
2371 3044 2506 3108 vita
2533 3043 2822 3107 humana
2858 3037 3252 3125 inquirenda

524 3166 793 3225 operam
840 3164 1237 3211 consumere.
1286 3147 1453 3211 Tum
1502 3148 1685 3213 illum
1732 3149 2114 3215 illudentem
2164 3152 2402 3218 dixisse
2459 3153 2584 3234 ,,μὴ
2635 3152 2954 3215 δύνασθαί
2993 3172 3128 3213 τινα
3173 3147 3250 3210 τοὶ

522 3254 903 3333 ἀνθρώπινα
957 3254 1245 3325 κατιδεῖν,
1300 3256 1653 3336 ἀγνοοῦντά
1710 3283 1777 3339 γε
1831 3259 1906 3321 τὰ
1967 3261 2166 3323 19εῖα“.
2259 3258 2628 3323 Alcibiadis
2685 3259 3068 3340 scriptorem
3126 3252 3247 3319 So-

522 3364 769 3423 cratem
814 3364 1153 3441 tamquam
1194 3358 1541 3427 defendere
1582 3363 1882 3442 voluisse,
1933 3386 2080 3429 cum
2119 3364 2430 3447 probaret
2473 3364 2658 3430 illum
2695 3365 2912 3445 ipsum
2951 3360 3247 3427 docuisse

524 3463 872 3543 hominem,
940 3465 1066 3528 nisi
1132 3488 1199 3529 se
1254 3467 1471 3547 ipsum
1519 3470 1557 3532 i.
1607 3491 1657 3533 e.
1708 3471 2016 3549 animum,
2081 3473 2150 3535 in
2199 3494 2328 3554 quo
2375 3473 2619 3535 inesset
2665 3471 2886 3535 divina
2930 3467 3048 3533 illa
3095 3488 3250 3549 pars

524 3570 825 3648 hominis,
882 3571 1187 3648 novisset,
1246 3595 1456 3656 neque
1512 3577 1587 3639 τὰ
1642 3579 1837 3641 αὑτοῦ
1893 3598 2103 3660 neque
2163 3580 2236 3643 τὰ
2291 3586 2420 3643 τῶν
2469 3582 2695 3643 ἑαυτοῦ
2727 3596 2956 3659 neque
2999 3577 3076 3639 τὰ
3119 3580 3248 3638 τῶν

522 3678 752 3749 ἄλλων,
802 3697 969 3758 quae
1018 3698 1157 3741 esse
1206 3678 1489 3744 breviter
1531 3682 1604 3747 τὰ
1652 3684 2051 3765 ἀνθρώπινα,
2099 3706 2488 3767 cognoscere
2537 3706 2745 3767 posse.
2819 3683 3066 3747 Facere
3113 3701 3251 3745 non

528 3804 890 3864 possumus,
942 3785 1103 3867 quin
1140 3785 1311 3851 hanc
1350 3789 1741 3853 sententiam
1770 3789 2022 3855 Hirzeli
2061 3798 2248 3857 acute
2289 3793 2726 3874 excogitatam
2764 3812 2904 3857 esse
2937 3789 3248 3855 dicamus.

526 3888 680 3964 Sed,
734 3897 1051 3972 quantum
1092 3890 1403 3971 videmus,
1444 3902 1614 3973 sunt,
1656 3918 1826 3979 quae
1863 3897 2246 3979 impediant,
2289 3900 2634 3981 quominus
2674 3898 3036 3980 speciosam
3071 3895 3246 3961 hanc

526 3997 918 4063 sententiam
961 3999 1379 4081 accipiamus.
1472 4001 1565 4066 Et
1619 4004 1900 4084 primum
1951 4004 2213 4087 quidem
2277 4028 2706 4089 „cognoscere
2757 4004 3014 4068 (11111111.ιό
3069 4002 3246 4085 apud

526 4100 995 4171 Aristoxenum
1042 4106 1369 4188 significat
1414 4130 1804 4191 cognoscere
1851 4111 2224 4177 universum
2281 4112 2612 4191 mundum,
2682 4113 2864 4175 cuius
2911 4110 3106 4175 homo
3153 4108 3246 4173 nil

526 4209 651 4273 nisi
700 4230 851 4291 pars
900 4217 1025 4293 est;
1078 4213 1257 4294 quod
1284 4213 1613 4279 Hirzelius
1652 4218 1969 4297 concedit,
2021 4242 2168 4285 cum
2206 4241 2286 4283 ex
2321 4227 2460 4285 toto
2497 4218 2772 4284 Eusebii
2799 4219 2944 4282 loco
2975 4216 3248 4281 eluceat.

524 4315 607 4379 In
650 4314 1005 4383 Alcibiade
1071 4320 1325 4385 animus
1392 4322 1681 4389 divinum
1746 4326 1912 4390 illud
1977 4334 2096 4405 est,
2165 4327 2342 4409 quod
2405 4328 2532 4391 nisi
2593 4326 2788 4391 homo
2847 4323 3244 4407 cognoverit,

522 4422 827 4489 virtutem
874 4424 1150 4507 adipisci
1200 4448 1333 4491 non
1380 4436 1611 4510 potest.
1704 4432 1940 4515 Neque
1995 4434 2288 4499 Hirzelio
2350 4433 2754 4499 adsentimur
2801 4430 3041 4495 dicenti
3091 4428 3244 4495 Ari-

746 4652 761 4686 ¹
802 4655 927 4705 Ale.
968 4656 997 4707 I
1036 4674 1086 4724 p.
1124 4657 1287 4711 133(1
1328 4678 1477 4728 seqq.

740 4760 759 4793 ²
798 4762 1079 4816 Aristoclo
1120 4771 1345 4818 auctore
1385 4768 1532 4835 apud
1574 4768 1775 4822 Euseb.
1819 4772 1874 4823 in
1915 4790 2098 4841 praep.
2139 4790 2221 4825 ev.
2265 4772 2352 4827 xl
2389 4774 2438 4840 3,
2480 4774 2527 4827 8.
