3567 5109
1478 303 1918 366 —93-

547 513 787 598 Itaque
836 534 1146 596 magnum
1194 513 1545 580 discrimen
1583 535 1724 580 esse
1762 517 1834 578 in
1872 521 2102 598 aperto
2141 521 2242 580 est
2287 518 2458 579 inter
2506 513 2826 598 puerilem
2871 513 3060 584 illam

332 621 402 685 in
466 619 849 706 eloquentia
913 620 1393 686 institutionem
1457 627 1655 705 atque
1712 621 2120 686 eruditorum
2174 621 2513 686 hominum
2570 620 2649 686 de
2706 621 2942 686 eadem
2987 643 3054 688 re

335 727 675 794 doctrinae
720 728 955 813 plenas
1003 727 1505 811 disputationes.
1582 725 2030 812 Quamobrem
2075 750 2196 794 nos
2245 749 2505 813 quoque
2553 732 2650 794 sic
2697 728 2778 793 de
2825 727 3056 812 Augu-

332 839 489 900 stini
531 836 909 921 praeceptis
955 835 1297 900 rhetoricis
1339 833 1737 919 disputaturi
1774 857 2018 916 sumne,
2066 842 2142 900 ut
2168 840 2450 919 primum
2477 834 2792 919 reliquias
2823 835 3056 902 dictio-

330 964 507 1022 num,
559 963 723 1027 quas
768 946 837 1007 in
884 940 1113 1007 schola
1158 941 1469 1020 habebat,
1519 942 2004 1026 conquiramus.

546 1047 720 1116 Sunt
764 1055 1004 1128 autem,
1054 1069 1223 1132 quae
1261 1049 1347 1114 ad
1383 1048 1556 1114 hanc
1593 1055 1878 1114 aetatem
1925 1055 2383 1131 pervenerunt,
2432 1048 2647 1114 frusta
2683 1049 2953 1114 minima
2989 1055 3058 1116 et

328 1156 747 1240 paucissima.
794 1152 1003 1222 Velut
1029 1154 1101 1220 in
1137 1154 1307 1220 libro
1338 1155 1569 1239 prim0,
1602 1175 1798 1238 quem
1835 1160 2067 1220 contra
2097 1153 2526 1221 Cresconium
2556 1157 3056 1239 grammaticum

329 1285 381 1328 e.
419 1263 836 1346 Augustinus
884 1263 1150 1345 scripsit
1164 1263 1205 1342 ²,
1254 1262 1417 1327 haec
1465 1262 1882 1346 eloquentiae
1930 1260 2226 1328 definitio
2273 1263 2585 1328 occurrit:
2659 1263 3056 1348 Ekquentia

325 1372 608 1455 famcltas
669 1370 928 1434 dicendi
988 1375 1085 1434 est
1144 1375 1568 1454 eoum-uenter
1629 1370 1988 1453 explicans,
2053 1391 2218 1454 quae
2278 1369 2628 1454 sentimuS,
2693 1391 2826 1454 qua
2892 1376 3048 1435 tune

326 1477 645 1542 utendum
688 1482 799 1558 est,
844 1497 997 1540 eum
1042 1481 1215 1541 reeta
1257 1477 1581 1541 sentimus
1595 1475 1639 1540 ².

539 1582 735 1667 Quod
797 1589 1021 1647 autem
1076 1583 1163 1646 sit
1216 1582 1633 1665 eloquentiae
1692 1581 1986 1646 officium
2042 1588 2108 1646 et
2154 1582 2268 1666 qui
2313 1581 2484 1660 finis,
2535 1602 2616 1646 ex
2663 1587 2897 1666 quarto
2945 1582 3050 1646 De

326 1691 629 1755 doctrina
696 1689 1081 1756 Christiana
1144 1688 1315 1755 libro
1381 1689 1884 1772 comperimus-⁹⁹:
1975 1689 2152 1754 Nam
2207 1711 2360 1754 eum
2412 1690 2896 1773 eloquentiae
2948 1690 3057 1753 sit

324 1798 776 1862 universale
831 1797 1201 1880 officium
1253 1797 1331 1862 in
1375 1818 1777 1881 quocumque
1819 1797 2100 1860 istorum
2158 1796 2364 1860 trium
2401 1797 2754 1880 ymerum*
2799 1797 3050 1860 dicere

322 1910 497 1988 apte
533 1904 631 1970 ad
654 1904 1266 1989 persuasionem,
1311 1903 1515 1987 finis
1560 1909 1799 1985 autem,
1835 1903 1925 1984 id,
1963 1903 2136 1986 quod
2167 1902 2545 1985 intenden'S,
2575 1904 3049 1988 persuadere

322 2011 675 2076 dicendo:
722 2012 799 2075 in
844 2031 1247 2095 quocumque
1288 2011 1571 2075 istm-um
1618 2011 1826 2074 trium
1863 2031 2178 2094 ¹qenermn
2231 2010 2394 2074 dicit
2443 2009 2706 2093 quidem
2750 2011 3049 2094 eloquens

321 2123 470 2202 apte
512 2120 600 2183 ad
631 2118 1147 2202 persuasionem,
1210 2119 1324 2182 sed
1365 2117 1505 2181 nisi
1538 2117 1950 2201 persuadeat,
2016 2117 2104 2180 cul
2144 2117 2350 2200 finem
2395 2137 2532 2182 non
2568 2116 2871 2200 pervemt
2912 2117 3043 2180 elo-

322 2226 639 2309 quentiae.
690 2223 899 2289 Porro
948 2245 997 2288 e.
1043 2223 1461 2306 Augustinus
1507 2229 1715 2288 totam
1763 2222 2025 2288 dicendi
2073 2223 2495 2288 doctrinam
2476 2244 2548 2288 1n
2588 2223 2752 2288 duas
2790 2221 3049 2287 videtur

322 2331 733 2396 distribuisse
798 2337 1052 2414 partes:
1118 2331 1189 2396 in
1254 2331 1701 2396 inventionem
1756 2336 1955 2413 atque
2004 2329 2460 2395 elocutionem.
2540 2328 2719 2396 Nam
2761 2330 2832 2393 in
2876 2328 3045 2395 libro

321 2440 531 2521 primo
586 2437 693 2503 De
752 2438 1053 2504 doctrina
1102 2437 1480 2504 Christiana
1536 2436 1600 2521 (I
1651 2439 1714 2520 1)
1764 2437 2036 2520 exponit
2081 2436 2162 2500 de
2210 2457 2290 2502 ea
2337 2457 2406 2500 re
2451 2437 2576 2501 ita:
2643 2437 2833 2502 Duae
2887 2443 3050 2500 sant

316 2569 438 2628 ree,
485 2547 729 2630 quibus
772 2547 1018 2611 nititur
1061 2547 1277 2611 omnis
1334 2545 1629 2610 tractatio
1671 2545 2207 2628 Smipturamtm:
2255 2545 2521 2609 modu-3
2565 2543 3042 2624 inveniendi,

318 2675 510 2738 quae
538 2653 1057 2737 intellegenda
1084 2658 1287 2732 sunt,
1318 2658 1381 2716 et
1404 2653 1673 2716 *modus
1692 2651 2174 2734 proferendi,
2197 2672 2388 2734 quae
2415 2651 2815 2715 intellecta
2840 2655 3043 2714 sunt.

320 2759 405 2824 In
442 2758 593 2823 libri
632 2765 850 2824 autem
890 2759 1109 2842 quarti
1146 2758 1361 2841 capite
1399 2759 1609 2841 primo
1648 2757 1943 2822 eiusdem
1980 2757 2208 2839 scripti
2243 2757 2407 2821 haec
2434 2756 2649 2840 addit:
2699 2756 2874 2834 Quia
2899 2777 3042 2840 erqo

319 2868 395 2931 cle
420 2867 807 2932 inveniendo
833 2867 1045 2930 multa
1072 2866 1211 2930 iam
1237 2865 1548 2946 diximuS,
1582 2916 1595 2930 .
1624 2916 1639 2930 .
1667 2916 1680 2929 .
1713 2916 1728 2929 .
1760 2866 1836 2928 de
1854 2863 2246 2948 proferendo
2265 2885 2484 2948 pauca
2510 2864 2816 2927 dicemus
2859 2860 3040 2945 Quos

318 2973 523 3038 libros
556 2971 663 3037 De
700 2972 1003 3038 doctrina
1042 2971 1441 3052 Christiana,
1488 2976 1566 3036 ut
1611 2971 1791 3036 verbi
1829 2971 2048 3035 divini
2079 2971 2556 3054 praedicatores
2602 2970 3042 3052 eloquentia

316 3081 821 3162 instruerentur,
870 3082 1278 3162 conscriptos
1326 3099 1468 3143 esse
1524 3081 1657 3142 iam
1714 3078 1925 3159 primo
1974 3075 2210 3141 obtutu
2257 3081 2455 3160 patet.
2547 3075 2910 3157 Propterea
2956 3075 3038 3140 ab

314 3185 697 3270 Augustino
732 3187 936 3253 totius
977 3185 1237 3251 dicendi
1276 3185 1596 3250 materiae
1633 3184 1705 3248 in
1740 3183 2184 3248 inventionem
2213 3189 2281 3247 et
2307 3180 2749 3248 elocutionem
2777 3181 3038 3260 divisio,

317 3315 515 3378 quam
558 3299 661 3359 tot
694 3314 1020 3359 annorum
1066 3315 1191 3358 usu
1238 3291 1586 3375 probatam
1632 3290 1886 3368 habuit,
1931 3288 2056 3354 hoc
2094 3309 2356 3372 quoque
2394 3287 2540 3352 loco
2580 3285 2878 3353 adhibita
2917 3294 3036 3352 est.

531 3399 746 3485 Quam
792 3421 945 3465 vero
994 3398 1397 3483 provinciam
1446 3398 1726 3464 oratoris
1781 3395 2092 3461 facultati
2138 3394 2534 3474 attribuerit,
2582 3393 2774 3459 nobis
2821 3393 3034 3459 solum

314 3508 609 3573 divinare
672 3507 856 3588 licet3
930 3527 1215 3590 namque
1278 3505 1405 3570 hac
1471 3505 1553 3570 de
1616 3524 1687 3568 re
1751 3502 1933 3568 nullo
1999 3501 2146 3568 loco
2209 3503 2372 3566 satis
2437 3507 2662 3584 aperte
2726 3500 3038 3584 loquitur.

314 3613 449 3680 Sed
502 3615 629 3680 hoc
684 3619 950 3680 constat
1004 3634 1153 3678 eum
1209 3611 1565 3695 discipulos
1622 3611 1974 3695 praecipue
2028 3611 2099 3675 in
2145 3629 2385 3694 genere
2433 3607 2694 3674 dicendi
2741 3607 3037 3673 iudiciali

313 3723 680 3788 exercuisse
694 3721 735 3786 ⁵.
786 3721 921 3788 Sed
958 3721 1159 3786 etiam
1203 3721 1275 3786 in
1322 3719 1633 3785 suasoriis
1682 3725 1748 3784 et
1782 3716 2297 3796 laudationibus,
2342 3716 2412 3782 in
2451 3737 2582 3800 quo
2621 3715 3036 3800 eloquentiae

530 3916 550 3951 ²
588 3915 870 3986 Quattuor
906 3915 991 3968 illi
1030 3919 1229 3969 contra
1255 3914 1614 3968 cresconium
1652 3914 2082 3983 grammaticum
2121 3913 2251 3966 libri
2289 3912 2482 3979 scripti
2521 3914 2651 3964 sunt
2688 3927 2737 3964 a.
2765 3928 2820 3979 p.
2851 3909 2949 3963 Ch.
2980 3927 3034 3962 n.

311 4004 429 4058 fere
465 4005 587 4060 405.
628 4006 711 4058 De
749 4004 950 4074 quibus
990 4003 1349 4074 Augustinus
1384 4005 1445 4056 in
1482 4001 1974 4056 Retractationum
2013 4002 2159 4056 libro
2197 4000 2260 4054 H
2299 4018 2345 4053 c.
2377 4001 2446 4054 52
2485 3999 2600 4066 (26)
2637 4003 2844 4052 narrat.

526 4093 549 4130 ²
586 4095 621 4147 l.
641 4092 691 4160 Ι,
713 4095 825 4161 c.1,
845 4095 957 4148 vol.
975 4092 1065 4147 IX
1094 4093 1200 4148 390
1228 4091 1337 4159 (ed.
1360 4091 1535 4160 Ben.).
1566 4091 1828 4146 Fortasse
1848 4091 2201 4161 Augustinus
2220 4089 2512 4158 discipulis
2539 4089 2855 4144 breviorem
2885 4087 3028 4140 hanc

308 4182 721 4238 definitionem:
760 4183 1115 4252 ‘Eloquentia
1150 4187 1228 4234 est
1262 4182 1501 4249 facultas
1537 4186 1675 4234 recte
1699 4179 1948 4234 dieendi'
1987 4179 2263 4233 tradebat.
2300 4177 2448 4232 Nam
2475 4178 2745 4231 musicam
2775 4177 3034 4230 similiter

308 4271 507 4325 definit
544 4272 652 4340 (De
691 4287 831 4324 mus.
868 4271 899 4324 Ι
935 4273 1019 4336 2):
1102 4269 1319 4324 Musica
1352 4275 1429 4323 est
1464 4269 1702 4322 seientia
1736 4269 1862 4322 bene
1905 4267 2248 4340 modulandi.
2322 4266 2434 4321 Sed
2472 4265 3032 4320 animadvertendum

308 4365 393 4413 est
430 4361 815 4430 Augustinum
853 4359 1189 4414 rhetoricam
1228 4375 1341 4412 non
1376 4359 1687 4426 scientiam,
1726 4357 1824 4410 sed
1861 4374 1990 4411 cum
2017 4356 2328 4410 Aristotele
2363 4355 2695 4410 facultatem
2733 4355 3032 4424 appellare.

522 4449 545 4484 ³
582 4451 665 4503 De
704 4449 886 4504 doctr.
922 4448 1051 4502 Chr.
1082 4447 1171 4502 1v
1207 4447 1295 4514 25,
1332 4447 1417 4502 55.
1485 4446 1649 4516 Quod
1687 4451 1858 4516 caput
1895 4446 2165 4515 scriptum
2203 4449 2288 4498 est
2325 4463 2372 4498 a.
2412 4462 2465 4514 p.
2505 4444 2604 4498 ch.
2641 4463 2696 4497 n.
2727 4445 2852 4498 426.

523 4540 544 4572 ⁴
582 4539 653 4592 In
690 4555 893 4608 genere
930 4537 1150 4608 grandi,
1188 4537 1481 4604 submisso,
1519 4536 1760 4591 modico.

525 4627 549 4662 ⁵
582 4626 667 4680 Cf.
688 4626 939 4681 Confess.
960 4625 1049 4680 IV
1076 4627 1129 4694 2,
1148 4627 1209 4680 2:
1246 4625 1513 4682 Docebam
1542 4625 1607 4679 in
1634 4625 1754 4678 illis
1782 4624 1954 4678 anni-s
1980 4629 2158 4678 artem
2181 4623 2514 4678 rhetoricam
2545 4663 2558 4676 .
2589 4662 2604 4676 .
2635 4664 2646 4676 .
2678 4663 2691 4677 .
2719 4627 2767 4674 et
2795 4639 2882 4676 eos
2907 4622 3032 4674 sine

304 4716 427 4770 dolo
470 4715 721 4770 docebam
764 4717 929 4782 dolos,
986 4731 1101 4768 non
1145 4714 1343 4784 quibus
1387 4720 1579 4770 eontra
1624 4719 1788 4783 caput
1837 4713 2143 4768 innocentis
2179 4719 2412 4784 aqerent,
2467 4711 2560 4766 sed
2593 4711 2892 4780 aliquando
2922 4728 3028 4780 pro

306 4803 485 4873 eapite
518 4803 791 4868 nocentis;
833 4803 905 4858 cf.
944 4803 1033 4858 IX
1069 4804 1121 4872 2,
1159 4805 1209 4858 2.
