3567 5109
1717 276 2151 341 ...64-

1511 469 1659 535 XIX,
1698 470 1825 521 3⁶7:
1866 468 2157 521 Praesidio
2198 471 2304 533 ad.

1513 556 1632 620 XX,
1668 558 1797 609 400:
1839 558 2103 619 adgressi
2134 554 2311 623 hano!

1511 643 1708 709 XXVI,
1747 646 1877 694 359:
1918 644 2241 709 congruere
2278 649 2333 695 et
2354 640 2382 709 1.

781 786 1015 862 Neque
1060 786 1127 845 in
1167 784 1382 846 altera
1421 781 1646 845 forma
1696 784 2078 847 hexametri
2124 786 2476 864 tripartiti,
2539 786 2647 845 cui
2700 784 2995 847 verbum
3049 787 3281 846 termi-

577 894 812 951 natum
861 889 1185 951 trochaeo
1236 889 1446 951 tertio
1497 886 1710 965 deest,
1760 887 2077 968 dactylus
2122 894 2241 951 aut
2284 888 2657 968 spondeuS,
2704 891 2822 967 qui
2878 905 3019 951 uno
3065 888 3282 951 verbo

579 999 863 1070 constat,
946 992 1142 1056 abest
1222 1011 1260 1054 a
1343 992 1509 1055 sede
1588 995 1829 1071 prima.
1924 992 2174 1054 Tribus
2258 993 2539 1071 quidem
2642 993 2814 1055 locis
2907 991 3014 1070 (X,
3126 998 3277 1051 151:

580 1094 841 1159 consilio
869 1104 970 1173 ut,·
1014 1097 1152 1171 XV,
1205 1104 1354 1157 196:
1400 1102 1794 1177 quantasque
1825 1114 1934 1172 eae5
1980 1096 2252 1173 XXVII,
2304 1103 2416 1157 41:
2456 1102 2777 1181 ceteraque
2822 1092 2945 1175 his)
2992 1096 3279 1161 verbum

577 1202 1134 1284 monosyllabum
1201 1220 1356 1265 cum
1419 1202 1539 1264 tali
1609 1219 1783 1265 voce
1860 1200 2151 1265 elisione
2206 1203 2545 1279 cohaeret,
2608 1208 2675 1264 at
2738 1207 3099 1263 remanent
3166 1218 3281 1263 sex

579 1324 826 1371 versus
879 1306 1019 1387 (VI,
1067 1314 1181 1384 403
1231 1306 1344 1384 XI,
1404 1311 1516 1382 253
1565 1306 1743 1384 XIX,
1794 1313 1951 1385 2953
2006 1313 2154 1384 5583
2203 1306 2451 1383 XXIII,
2506 1311 2661 1382 3133
2718 1305 2889 1384 321),
2936 1305 3053 1369 ubi
3086 1324 3281 1384 syna-

576 1411 822 1493 loephe
856 1411 1066 1474 deest.
1113 1411 1336 1473 Minus
1378 1430 1547 1476 vero
1601 1413 1821 1474 durus
1860 1416 1966 1474 est
2000 1428 2245 1474 versus
2277 1410 2589 1489 XXVIII,
2635 1414 2779 1487 257,
2824 1412 2895 1473 in
2942 1428 3081 1489 quo
3128 1418 3284 1491 post

574 1535 810 1581 vocem
895 1516 1445 1597 monosyllabum
1527 1520 1961 1581 enuntiatum
2026 1517 2276 1580 finitur
2340 1521 2410 1579 et
2473 1515 2769 1579 verbum
2846 1518 3075 1594 ipsum
3138 1522 3305 1577 arte·

577 1622 896 1685 cohaeret
943 1640 1098 1685 cum
1143 1623 1620 1702 praecedente.
1696 1622 1824 1685 Est
1868 1627 2095 1685 autem
2145 1638 2426 1685 versus:

992 1743 1224 1794 Actibus
1261 1744 1365 1808 his,
1412 1743 1622 1806 quibus
1660 1743 1929 1806 invigilat
1966 1756 2123 1794 mens
2159 1748 2384 1794 mortua
2420 1743 2661 1794 christo.

785 1866 1146 1931 Praeterea
1177 1870 1248 1929 in
1282 1884 1564 1930 caesura
1594 1866 1961 1948 principali
2010 1870 2691 1948 semiseptenaria
2722 1866 3015 1929 verbum
3050 1883 3287 1929 mono-

577 1970 918 2051 syllabum
967 1989 1232 2053 ponere
1275 1972 1602 2035 Paulinus
1649 1971 1784 2035 sibi
1832 1990 1975 2036 non
2020 1972 2329 2049 indulsit,
2375 1972 2509 2035 nisi
2556 1972 2847 2035 elisione
2879 1988 3035 2034 cum
3066 1971 3287 2035 verbo

578 2077 1030 2139 antecedente
1091 2081 1286 2139 coeat
1350 2076 1518 2155 (XV,
1584 2082 1740 2139 345:
1809 2073 2162 2159 depositum
2224 2074 2366 2153 hoc,·
2411 2076 2554 2149 XX,
2600 2082 2714 2139 20:
2772 2074 3112 2136 materiam-
3158 2074 3287 2153 ex).

577 2183 655 2245 In
703 2180 954 2244 ceteris
999 2188 1225 2244 autem
1257 2183 1592 2259 versibuS,
1640 2180 1895 2262 quibus
1934 2182 2101 2245 haec
2136 2198 2418 2245 caesura
2450 2186 2571 2259 est,
2618 2180 2859 2243 miram
2892 2180 3287 2243 invenimus

577 2286 1098 2349 similitudinem
1163 2285 1751 2363 conformationis.
1810 2286 2035 2366 Atque
2096 2289 2397 2367 primum
2446 2287 2724 2367 quidem
2771 2285 3098 2348 Paulinus
3144 2303 3286 2348 non

577 2390 955 2454 delectatus
1001 2398 1108 2454 est
1151 2391 1406 2467 verbiS,
1471 2408 1645 2471 quae
1689 2396 1912 2456 totum
1976 2392 2161 2455 inter
2214 2392 2336 2454 has
2385 2408 2702 2454 caesuras
2748 2393 3047 2471 spatium
3104 2406 3285 2451 com-

577 2496 770 2575 plent
835 2526 917 2539 —-
983 2515 1124 2558 non
1183 2496 1423 2577 plures
1488 2513 1691 2576 quam
1758 2498 2069 2575 quinque
2117 2513 2363 2559 versus
2410 2496 2613 2560 huius
2660 2495 2925 2557 formae
2970 2494 3285 2557 invenire

574 2602 767 2679 potui
834 2598 973 2677 (VI,
1041 2605 1193 2675 183;
1262 2600 1376 2676 IX,
1451 2605 1558 2671 383
1625 2599 1801 2677 XVI,
1866 2604 2023 2675 2553
2093 2599 2271 2675 XIX,
2338 2604 2494 2675 ‘295;
2562 2596 2797 2675 XXXI,
2846 2598 2999 2676 593)
3048 2632 3153 2679 —,
3220 2605 3288 2662 at

576 2700 892 2766 XXXII¹⁰·
970 2702 1418 2784 pyrrhichius
1499 2708 1616 2766 aut
1691 2704 2245 2782 monosyllabum
2330 2704 2615 2782 longum
2690 2706 2851 2783 post
2928 2720 3291 2766 caesuram

576 2808 1124 2871 trithemimeren
1181 2827 1334 2871 cum
1381 2808 1703 2888 proximo
1751 2809 1970 2872 verbo
2016 2812 2089 2871 in
2122 2825 2328 2872 unam
2360 2811 2558 2887 quasi
2591 2824 2831 2871 vocem
2866 2809 3295 2890 synaloepha

577 2912 918 2977 coalescit.
965 2912 1177 2976 Verbi
1225 2914 1444 2991 gratia
1490 2910 1765 2976 adfero:

1510 3033 1604 3097 Ἦ,
1639 3036 1733 3084 40:
1770 3062 1833 3069 —
1862 3030 1869 3099 1
1895 3040 2049 3085 veste
2084 3031 2350 3101 insignis}

1505 3122 1572 3180 X,
1613 3122 1739 3173 105:
1780 3148 1841 3157 —
1870 3118 1877 3187 Ι
1902 3126 2123 3173 vestrae
2159 3119 2431 3187 oblitum!

1617 3208 1745 3259 239:
1786 3234 1823 3243 -—
1873 3205 2136 3272 ldomlne
2169 3204 2478 3288 inlustriq.

577 3330 886 3410 Reliquis
941 3329 1264 3393 versibus
1310 3329 1475 3393 haec
1523 3336 1630 3393 est
1675 3336 1999 3395 accentus
2046 3330 2301 3395 forma:
2349 3326 2876 3415 flflsslssl

783 3436 954 3497 Tum
1002 3435 1072 3497 in
1118 3436 1450 3511 versibuS,
1482 3436 1599 3514 qui
1632 3436 1891 3498 omissa
1927 3437 2427 3500 trithemimere
2458 3435 2871 3501 vocabulum
2903 3437 3285 3498 terminant

575 3542 644 3601 in
713 3540 922 3603 tertio
993 3538 1327 3603 trochaeo
1393 3546 1724 3619 sequente
1790 3559 2073 3604 caesura
2141 3542 2727 3622 semiseptenaria,
2791 3543 2977 3603 omni
3042 3538 3283 3601 studio

575 3645 883 3707 servavit
928 3644 1170 3723 legem,
1217 3662 1424 3724 quam
1473 3644 1685 3709 ceteri
1732 3648 1976 3726 poetae
2022 3650 2239 3710 secuti
2272 3652 2435 3709 sunt
2468 3646 2579 3725 (cf.
2626 3644 2947 3720 Mueller„
2992 3662 3053 3723 p.
3103 3642 3285 3719 246),

575 3767 714 3812 non
787 3754 945 3828 apte
1020 3749 1210 3811 finiri
1305 3750 1598 3812 verbum
1665 3750 1736 3812 in
1821 3751 2027 3813 tertio
2094 3749 2443 3826 trochaeo,
2527 3750 2662 3813 nisi
2734 3749 2917 3812 idem
2979 3747 3279 3810 verbum

576 3854 779 3916 simul
829 3856 1104 3932 expleat
1132 3853 1379 3936 pedem
1413 3855 1813 3918 secundum.
1864 3854 2127 3926 Quater
2158 3856 2437 3934 quidem
2472 3854 2807 3918 Paulinus
2840 3853 3016 3915 hanc
3049 3853 3279 3931 legem

577 3958 926 4037 migravit,
973 3966 1042 4020 at
1087 3961 1148 4021 ei
1196 3977 1334 4021 non
1383 3960 1654 4021 crimini
1703 3959 2027 4023 dabimus
2072 3978 2351 4023 versum

783 4080 931 4146 XVI,
969 4082 1060 4132 6⁷:
1101 4081 1389 4141 Cernitur;
1425 4081 1550 4143 ipse
1585 4094 1685 4131 nec
1723 4082 1845 4143 ipse
1882 4082 1974 4133 vir
2010 4088 2106 4133 est.
2146 4082 2282 4133 Cum
2320 4082 2393 4132 sit
2428 4094 2625 4145 prope,
2663 4082 2829 4142 longe
2867 4084 2963 4143 est,

576 4204 902 4283 quoniam
968 4222 1212 4268 versus
1275 4210 1628 4267 structura
1694 4205 1955 4285 optime
2004 4205 2304 4286 quadrat
2355 4222 2510 4267 cum
2562 4205 2922 4267 sententia.
2968 4200 3285 4263 Elisione

575 4315 799 4371 autem
847 4314 916 4371 et
961 4316 1112 4371 arto
1159 4308 1540 4372 verborum
1586 4326 1774 4371 nexu
1820 4315 2195 4373 excusatur
2239 4310 2349 4372 hic
2393 4327 2669 4373 versus:

785 4448 934 4514 XXI,
972 4450 1098 4501 6⁷5:
1139 4449 1209 4501 In
1247 4454 1340 4499 tua
1377 4450 1658 4500 vestibula
1695 4453 1863 4511 atque
1901 4450 2098 4500 domos
2135 4463 2367 4501 manare
2404 4449 2627 4499 dedisti.

573 4571 1086 4650 Relinquuntur
1131 4571 1203 4634 hi
1251 4572 1388 4635 duo
1433 4589 1698 4649 versae,
1748 4574 1865 4650 qui
1914 4574 2143 4634 minus
2188 4572 2495 4652 placent:

781 4693 881 4754 IX,
918 4697 1010 4744 48:
1045 4694 1159 4745 Nec
1198 4693 1387 4745 minus
1421 4694 1522 4744 ille
1557 4693 1756 4743 beatus
1792 4693 1912 4749 erit,
1951 4694 2053 4756 qui
2088 4705 2273 4756 parva
2310 4694 2541 4759 tenebit,

781 4782 928 4849 XIX,
965 4782 1092 4836 298:
1134 4781 1379 4834 Adtoret.
1416 4781 1557 4834 Inde
1593 4781 1860 4847 perennis
1898 4781 2075 4833 honos
2112 4786 2166 4833 et
2201 4782 2384 4845 gloria
2420 4786 2693 4835 sanctum.
