3567 5109
1905 1190 1968 1269 I.

784 1402 1183 1484 Priusquam
1240 1403 1319 1467 de
1378 1408 1612 1469 ceteris
1668 1404 1863 1469 rebus
1912 1426 2279 1469 sermonem
2335 1407 2774 1479 instituamus,
2839 1401 2921 1465 de
2972 1400 3310 1483 opusculo

574 1510 861 1592 quodam
927 1509 1116 1573 nobis
1182 1530 1375 1591 agere
1440 1516 1509 1574 in
1566 1516 1788 1575 animo
1845 1518 1963 1590 est,
2033 1511 2118 1575 ad
2177 1510 2352 1593 quod
2408 1510 2707 1574 homines
2756 1508 2934 1572 docti
2981 1506 3310 1584 editione,

572 1638 771 1699 quam
820 1616 1102 1682 Carolus
1149 1615 1354 1681 Halm
1402 1639 1575 1682 anno
1628 1620 1797 1683 1863
1848 1622 2121 1696 curavit,
2171 1621 2409 1682 attenti
2455 1616 2618 1681 facti
2665 1622 2837 1679 sunt.

789 1722 919 1807 Qui
957 1728 1339 1788 aestimator
1378 1729 1861 1809 sagacissimUS,
1910 1748 2056 1789 cum
2094 1725 2360 1808 Lipsiae
2398 1728 2469 1787 in
2509 1723 2781 1787 aedibus
2830 1722 2910 1787 B.
2955 1720 3036 1786 G.
3079 1721 3310 1785 Teub-

574 1834 716 1895 neri
781 1830 1077 1894 rhetores
1124 1830 1401 1896 Latinos
1450 1836 1734 1897 minores
1793 1855 1870 1897 ex
1918 1832 2255 1898 codicibus
2303 1835 2653 1895 maximam
2701 1834 2958 1913 partem
3007 1832 3308 1911 primum

576 1936 889 2001 adhibitis
937 1936 1178 2016 ederet,
1229 1945 1382 2021 post
1428 1938 1501 2004 O.
1542 1939 2014 2003 Fortunatiani
2061 1944 2193 2003 tres
2240 1938 2446 2002 libros
2495 1942 2657 2001 artis
2705 1936 3072 2000 rhetoricae
3119 1934 3310 2017 frag-

578 2050 869 2107 mentum
915 2048 1077 2109 artis
1126 2044 1388 2109 dicendi
1436 2050 1674 2127 posuit,
1734 2050 1840 2110 cui
1885 2046 2152 2111 titulum
2200 2046 2409 2110 dedit:
2504 2045 2766 2110 Aurelii
2809 2043 3190 2127 Auyuste'm'
3235 2044 3311 2106 de

572 2151 907 2229 rhetorica,
970 2174 1131 2235 quae
1176 2160 1545 2236 sulm-suut.
1620 2153 1766 2217 Iam
1807 2174 1957 2217 vero
2007 2157 2076 2217 in
2123 2152 2578 2234 praefationis,
2647 2172 2843 2233 quam
2887 2148 3056 2213 libro
3105 2170 3308 2230 prae-

575 2259 771 2335 misit,
817 2279 881 2339 p.
911 2258 1089 2325 VIII
1136 2257 1298 2323 haec
1347 2258 1425 2322 de
1475 2259 1844 2341 fragmento
1895 2258 2009 2324 illo
2058 2264 2350 2341 exponit:
2404 2260 2525 2337 „In
2562 2258 3033 2322 Fortunatiani
3071 2255 3306 2320 rheto-

572 2366 711 2427 rica
757 2368 888 2428 iam
936 2370 1317 2453 priusquam
1363 2363 1679 2431 lectiones
1728 2366 2018 2431 Parisini
2055 2389 2115 2430 n.
2159 2368 2331 2431 7530
2371 2372 2436 2430 et
2471 2363 3071 2431 Darmstadtiensis
3111 2368 3306 2427 nacti

574 2492 883 2550 essemuS,
953 2472 1133 2537 haud
1197 2494 1409 2554 pauca
1473 2473 1711 2537 menda
1776 2496 1856 2537 ex
1920 2473 2176 2538 duobus
2243 2472 2778 2551 MonacensibuS,
2853 2470 3065 2535 altero
3133 2470 3304 2533 olim

574 2578 1007 2661 Frisingensi,
1073 2578 1285 2644 altero
1332 2578 1805 2644 Ratisbonensi
1849 2581 2268 2645 Emmeramo
2327 2600 2838 2657 correxeramus„
2904 2582 2972 2641 in
3012 2598 3301 2660 quorum

574 2691 859 2769 utroque
923 2690 1170 2769 pariter
1235 2694 1433 2770 atque
1482 2692 1547 2751 in
1596 2687 1767 2751 libro
1817 2688 2378 2752 Darmstadtiensi
2434 2685 2763 2770 particula
2819 2686 3030 2750 bonae
3079 2683 3300 2766 frugis

573 2791 791 2874 plena,
842 2814 1013 2875 quae
1052 2792 1196 2858 sola
1234 2816 1313 2856 ex
1350 2796 1784 2878 Any-‘eestim'
1829 2795 2156 2859 rhetorica
2194 2794 2280 2858 ad
2319 2800 2600 2859 aetatem
2639 2800 2930 2857 nostram
2969 2796 3298 2875 pervenit,

575 2902 795 2963 ‘revello
841 2901 1188 2965 auctori-s·
1236 2903 1540 2964 nomine
1580 2903 2089 2985 praeseripw,
2139 2905 2332 2983 quasi
2379 2922 2531 2983 pars
2579 2906 2752 2964 esset
2797 2903 3004 2981 ipsius
3053 2898 3298 2962 Fortu-

576 3009 854 3083 natiani,
905 3007 1156 3071 adnexa
1210 3013 1369 3070 est“.

789 3112 896 3175 Ex
961 3114 1200 3196 quibus
1266 3117 1389 3176 viri
1437 3113 1615 3178 docti
1663 3115 1878 3178 verbis
1927 3120 2132 3197 patet,
2199 3116 2282 3177 ‘in
2327 3113 2722 3178 codicibus
2767 3113 3298 3195 Γνίείηριήεί,

576 3219 1149 3298 Ratisbovense',
1199 3220 1871 3285 Darnz.s·t(1d!iensi
1913 3222 2432 3305 fraymentum
2478 3221 2679 3283 artis
2715 3220 3163 3296 rhetor-icae,
3215 3220 3298 3282 de

576 3348 721 3409 qno
750 3326 1245 3409 disputaturi
1278 3350 1563 3407 sumus,
1594 3330 1691 3391 acl
1722 3352 1773 3392 s,
1803 3329 2210 3393 Aurelium
2240 3328 2756 3411 Auyustinum
2777 3344 2940 3390 “non
2984 3326 3294 3409 referri.

578 3430 803 3515 Quare
869 3455 1001 3496 non
1068 3455 1623 3515 supervacaneum
1670 3434 1830 3498 mihi
1880 3457 2021 3499 esse
2071 3435 2328 3499 videtur
2375 3438 2722 3516 inquirere,
2790 3434 3026 3516 quibus
3075 3436 3298 3496 causis

577 3540 907 3603 adductus
954 3540 1234 3605 Carolus
1280 3539 1485 3605 Halm
1532 3540 1976 3623 fragmentum
2024 3540 2190 3607 illud
2238 3542 2615 3625 Augustino
2665 3541 2987 3604 tribuerit.

794 3646 927 3711 Sed
982 3648 1107 3712 hac
1164 3647 1245 3711 de
1293 3669 1360 3711 re
1408 3648 1718 3712 Halmius
1766 3648 1951 3713 nullo
2017 3648 2173 3715 libri
2228 3653 2330 3713 sui
2386 3648 2531 3714 loco
2591 3649 2950 3731 quidquam
2997 3645 3297 3729 protulit.

576 3753 815 3835 Itaque
864 3775 1012 3819 eum
1059 3776 1193 3818 non
1239 3755 1514 3819 multum
1562 3760 1631 3820 in
1685 3757 1812 3821 hac
1860 3762 2245 3840 quaestione
2303 3755 2619 3821 solvenda
2667 3754 3111 3830 desudavisse,
3181 3752 3298 3817 sed

579 3860 777 3925 fidem
826 3861 1068 3925 codicis
1116 3862 1477 3926 Bernensis
1524 3870 1722 3945 atque
1771 3864 1879 3928 W.
1930 3864 2206 3929 Crecelii
2254 3863 2646 3928 sententiam
2695 3869 2986 3927 secutum
3035 3881 3179 3925 esse
3227 3864 3294 3923 in

581 3974 809 4050 aperto
858 3974 976 4032 est.
1028 3967 1241 4052 Quam
1289 3969 1370 4034 ob
1420 3992 1558 4034 rem
1607 3974 1907 4053 inprimis
1955 3972 2200 4035 codicis
2238 3972 2594 4035 Beruensis
2634 3993 2694 4036 n.
2734 3970 2861 4033 363
2901 3976 3097 4050 atque
3135 3966 3297 4032 Cre-

578 4074 767 4139 celiil
814 4082 1174 4140 auctoritas
1224 4077 1411 4141 nobis
1459 4078 1900 4142 examinanda
1945 4084 2064 4141 est.
2113 4078 2290 4141 Nam
2339 4101 2419 4141 ne
2467 4076 2836 4141 audiendus
2884 4075 3148 4157 quidem
3197 4080 3298 4139 est.

580 4182 662 4245 A.
704 4182 1010 4262 Reuter2‚
1062 4188 1174 4268 qui
1226 4185 1571 4248 iurandum
1630 4206 1769 4249 esse
1818 4189 1888 4248 in
1937 4184 2215 4249 Crecelii
2274 4184 2471 4248 verba
2518 4191 2710 4267 putat
2755 4190 2954 4265 atque
3001 4182 3152 4245 huic
3202 4182 3293 4245 la-

796 4361 813 4395 ²
855 4362 909 4414 S.
948 4361 1171 4414 Aurelii
1208 4360 1511 4428 Aztyuste'n‘e'
1544 4362 1607 4412 da
1634 4361 1921 4413 dialectiea
1959 4361 2112 4414 liber.
2141 4360 2443 4415 R-ecensuit
2479 4366 2537 4414 et
2574 4360 2866 4414 adnotavit
2905 4358 2985 4414 ΠΤ.
3025 4360 3296 4413 (lv-ecolim-

581 4453 661 4515 (in
718 4456 1130 4519 programmate
1179 4450 1453 4517 gymnasii
1491 4449 1923 4502 Elberfeldensis
1973 4468 2018 4503 a.
2063 4451 2248 4519 1857);
2307 4450 2378 4503 cf.
2427 4468 2566 4518 quae
2607 4449 2680 4502 H.
2719 4448 2848 4502 Keil
2885 4454 2942 4502 et
2979 4447 3053 4501 H.
3093 4446 3294 4517 Hagen

578 4540 647 4593 de
686 4540 794 4592 hoc
832 4540 1022 4591 libello
1060 4540 1119 4591 in
1156 4538 1497 4590 Fleckeiseni
1536 4539 1740 4591 Annal.
1770 4538 1906 4607 phil.
1939 4540 2043 4591 vol.
2067 4538 2320 4592 LXXIX
2350 4540 2553 4607 (1859),
2591 4556 2645 4607 p.
2671 4540 2771 4591 154
2799 4556 2949 4605 seqq.
2977 4542 3035 4591 et
3065 4538 3172 4589 vol.
3195 4536 3292 4589 CV

578 4630 785 4694 (1872),
824 4646 875 4695 p.
906 4628 1189 4681 757—780
1227 4628 1579 4693 seripserunt.

796 4716 817 4749 ²
855 4715 961 4768 ‘Zu
1018 4716 1143 4768 dem
1183 4716 1657 4781 Augustinisehen
1710 4714 2006 4785 Fragment
2063 4718 2126 4770 de
2171 4724 2286 4771 arlo
2333 4716 2644 4771 rhetorica&
2719 4715 3014 4783 (Abdruck
3051 4732 3147 4768 aus
3187 4714 3294 4767 den

581 4804 1237 4873 „Kirchenhistorischen
1276 4804 1569 4857 Studien“l
1609 4824 1660 4872 p.
1698 4808 1741 4858 1.
