3567 5109
1425 272 1865 335 -31—

287 481 521 563 sophia
558 487 708 545 erat
743 483 1247 547 versatissimus
1301 481 1371 547 Is
1409 502 1542 548 non
1589 482 1804 548 solum
1850 481 2392 565 philosophorum
2441 487 2706 548 inventa
2744 505 2784 548 a
2821 482 3016 549 Cice·

287 609 445 653 rone
486 587 747 653 Latinis
783 586 1027 653 litteris
1066 588 1427 669 illustrata,
1468 589 1585 654 sed
1622 592 1826 654 etiam
1853 588 2244 655 Aristotelis
2282 598 2644 674 praecepta
2682 591 3014 673 quaedam

287 694 567 760 docuit¹.
658 694 813 760 Hoc
868 699 1011 777 ipso
1061 695 1140 761 de
1190 695 1570 779 Augustino
1619 700 1864 779 optime
1911 701 2186 763 meritus
2234 703 2356 777 est,
2405 698 2584 781 quod
2638 696 2794 763 huic
2840 702 3014 763 viam

288 801 373 865 ad
428 800 915 884 philosophiam
970 802 1396 867 monstravit²
1460 824 1742 886 eumque
1798 806 2098 869 veritatis
2156 804 2579 887 quaerendae
2637 804 2855 869 studio
2913 809 3012 868 in-

286 907 659 973 flammavit.
717 906 853 973 Sed
900 913 1217 991 optimum
1264 930 1407 974 esse
1456 915 1615 992 puto
1661 908 1790 974 hac
1838 910 1918 975 de
1965 932 2039 975 re
2087 910 2540 993 Augustinum
2593 914 2809 993 ipsum
2857 931 3012 975 nar·

284 1021 545 1080 rantem
583 1014 881 1080 audire³z
920 1016 1349 1081 Perveneram
1377 1017 1451 1079 in
1480 1017 1725 1081 librum
1752 1018 2078 1101 quendam
2113 1016 2456 1096 Ot'eeronils,
2485 1018 2678 1081 euius
2715 1018 3014 1101 linyuam

284 1124 419 1207 fere
465 1143 685 1187 omnes
722 1123 1076 1201 mirantur,
1106 1128 1337 1208 peetus
1371 1144 1505 1188 non
1542 1124 1697 1188 ita4.
1762 1124 1890 1188 Sed
1926 1125 2085 1189 liber
2122 1125 2229 1189 ille
2263 1125 2480 1209 ipsius
2505 1124 3014 1189 exhortationem

286 1230 570 1295 eontinet
630 1230 718 1293 ad
760 1230 1262 1314 philosophiam,
1336 1236 1397 1295 et
1460 1236 1727 1295 vocatur
1770 1230 2168 1295 Hortensius
2203 1279 2492 1295 ......
2584 1231 2793 1295 Viluit
2843 1231 3016 1295 mila·

289 1342 541 1420 repente
604 1338 820 1401 omnis
882 1358 1059 1401 vana
1118 1358 1263 1421 spes
1324 1343 1387 1401 et
1446 1338 2006 1403 immortalitate-m
2068 1337 2292 1422 sapien
2301 1337 2427 1402 tiae
2489 1338 3014 1421 concupiscebam

286 1450 471 1507 aestu
514 1444 725 1507 cordis
770 1444 1157 1509 incredibili.

503 1549 655 1615 Hoc
720 1552 1019 1614 veritatis
1084 1549 1580 1633 cognoscendae
1646 1549 2070 1629 desiderium,
2136 1548 2315 1633 quod
2380 1550 2464 1614 ab
2531 1548 2646 1615 illo
2713 1556 3012 1632 tempore

296 1655 743 1740 Augustinum
798 1678 1138 1739 nunquam
1194 1657 1507 1737 deseruit,
1574 1678 1834 1739 semper
1892 1663 2044 1723 ante
2105 1656 2334 1723 oculos
2381 1656 2628 1722 habere
2678 1656 3012 1736 debemuS,

294 1767 351 1827 si
398 1768 612 1846 ipsum
658 1767 929 1845 eiusque
980 1764 1219 1847 agendi
1264 1768 1593 1829 rationem
1649 1762 2038 1847 intellegere
2086 1763 2404 1830 volumus,
2478 1764 2655 1829 Nam
2702 1785 2851 1829 cum
2897 1785 3016 1845 per

292 1875 431 1934 tres
498 1891 728 1950 armoe,
802 1870 1040 1953 quibus
1104 1869 1515 1955 Carthagine
1583 1869 1873 1936 rhetoris
1937 1870 2237 1937 scholam
2301 1870 2776 1954 frequentavit,
2851 1869 3017 1935 nihil

298 1980 633 2060 antiquius
696 1976 1057 2057 habuisset,
1127 2000 1327 2062 quam
1390 1984 1467 2042 ut
1530 1977 1619 2042 ad
1683 1999 2006 2043 summam
2063 1977 2484 2063 eloquentiae
2540 1977 3018 2061 perfectionem

294 2086 567 2163 veniret,
630 2084 806 2149 inde
868 2086 959 2149 ab
1022 2106 1228 2149 anno
1290 2086 1574 2149 aetatis
1618 2106 1803 2150 suae
1849 2086 2423 2150 undevicesimo
2477 2107 2632 2149 non
2675 2086 2830 2149 iam
2874 2086 3015 2149 elo-

295 2193 697 2277 quentiam
737 2198 1127 2276 tamquam
1163 2214 1543 2257 summum
1582 2194 1881 2271 bonum,
1920 2194 2049 2257 sed
2073 2193 2579 2277 philosophia
2614 2194 2796 2257 duee
2829 2192 3017 2255 reri-

514 2400 531 2437 ¹
570 2402 819 2457 Confess.
850 2402 935 2457 IV
976 2404 1058 2457 16.

510 2510 532 2545 ²
568 2511 691 2565 Iam
726 2527 858 2565 vero
896 2511 1199 2580 Augustini
1236 2513 1502 2581 magister
1540 2512 1689 2565 haud
1726 2529 1793 2565 ea
1829 2512 1898 2565 de
1935 2528 2101 2567 causa
2135 2512 2435 2581 discipulos
2463 2512 2536 2567 ad
2561 2511 3020 2581 philosophorum

294 2602 499 2671 scripta
537 2600 776 2671 legenda
811 2601 1112 2667 excitabat,
1150 2604 1213 2653 ut
1250 2600 1554 2669 discipulos
1591 2600 1950 2670 philosophos
1988 2618 2103 2655 esse
2141 2601 2327 2667 vellet,
2365 2601 2461 2655 sed
2499 2601 2631 2669 quia
2666 2601 2716 2653 ei
2754 2617 2824 2653 ex
2861 2599 3020 2653 Cice-

294 2692 447 2745 ronis
484 2691 831 2759 aliorumque
868 2689 1025 2742 libris
1059 2694 1259 2743 notum
1295 2694 1417 2743 erat
1454 2688 1679 2744 dicendi
1714 2690 2046 2744 facultatem
2079 2708 2146 2743 ex
2176 2691 2388 2743 intimis
2426 2690 2732 2758 sapientiae
2770 2688 3022 2742 fontibus

296 2780 483 2833 fluere.
560 2779 799 2833 Minime
844 2779 994 2833 enim
1041 2796 1169 2833 eum
1206 2780 1489 2849 ignorasse
1526 2782 1681 2847 put0,
1727 2796 1870 2846 quae
1908 2778 2104 2834 Cicero
2141 2781 2201 2833 in
2237 2779 2400 2844 libro,
2449 2796 2614 2847 quem
2651 2777 2724 2831 ad
2759 2774 3018 2831 Marcum

294 2870 537 2924 Brutum
573 2870 723 2923 misit
760 2874 815 2937 (5
844 2869 954 2937 12),
991 2874 1259 2939 exponat:
1300 2868 1413 2937 qu
1450 2874 1631 2923 autem
1658 2873 1705 2921 et
1734 2886 1822 2921 me
1845 2886 2004 2937 saepe
2028 2886 2170 2923 nova
2195 2869 2374 2921 videri
2399 2868 2576 2921 dicere
2601 2867 2864 2935 intelleqo,
2893 2882 3024 2919 eum

290 2965 563 3029 pervetera
591 2959 795 3024 dieam,
830 2959 925 3011 sed
960 2958 1223 3011 inaudita
1252 2957 1543 3027 plerisque,
1580 2962 1629 3010 et
1664 2957 1840 3025 fateor
1873 2974 1960 3011 me
1997 2962 2280 3023 oratorem,
2309 2957 2366 3011 si
2403 2957 2562 3009 modo
2587 2955 2703 3009 sim
2728 2960 2826 3009 aut
2851 2954 3022 3008 etiam

296 3049 622 3118 quicumque
654 3048 785 3117 sim,
821 3064 937 3100 non
970 3065 1035 3099 ea:
1071 3047 1345 3100 rhetorum
1380 3046 1647 3114 officinis,
1683 3047 1779 3100 sed
1813 3064 1877 3099 ea:
1904 3046 2234 3099 Academiae
2269 3045 2470 3115 spatiis
2506 3045 2790 3099 exstitisse.
2839 3044 3020 3113 Quam

299 3138 633 3191 sententiam
689 3140 901 3190 rectam
946 3152 1063 3189 esse
1109 3152 1179 3189 ex
1224 3136 1527 3205 Augustini
1573 3136 1742 3203 ipsius
1788 3134 1972 3188 verbis
2017 3136 2367 3203 perspicitur.
2443 3135 2510 3188 In
2553 3134 2682 3186 libri
2721 3132 2870 3187 enim
2906 3130 3019 3185 III.

299 3226 723 3280 Confessionum
762 3241 883 3293 cap.
918 3226 970 3279 4.
1008 3224 1147 3278 haec
1183 3228 1401 3278 narrat:
1446 3224 1598 3277 Inter
1642 3224 1739 3277 hos
1784 3228 2105 3291 (eversor-eii,
2144 3223 2216 3277 ef.
2258 3241 2305 3277 0.
2343 3224 2402 3289 3)
2449 3240 2540 3291 eqo
2574 3221 2854 3275 imbecilla
2892 3226 3024 3273 time

296 3321 467 3370 aetate
502 3314 779 3369 discebam
814 3314 982 3367 libros
1018 3312 1366 3382 eloquentiae,
1406 3312 1472 3366 in
1508 3330 1619 3381 qua
1653 3312 1892 3367 eminere
1929 3312 2214 3382 cupiebam
2249 3312 2364 3380 fine
2398 3310 2714 3365 damnabili
2736 3316 2784 3364 et
2809 3316 3023 3363 ventoso

290 3423 393 3475 per
405 3403 623 3474 qaudia
647 3403 914 3457 vanitatis
940 3403 1243 3465 humanae,·
1274 3407 1322 3455 et
1351 3402 1605 3455 usitato
1632 3402 1769 3455 iam
1797 3400 2116 3455 discendi
2146 3400 2340 3455 ordine
2361 3416 2715 3471 perveneram
2731 3399 2798 3453 in
2817 3398 3023 3452 librum

296 3494 569 3563 quendam
597 3492 913 3557 (cuiusdam
938 3490 1141 3557 Knoll)
1170 3490 1465 3545 Ciceronis.
1489 3529 1502 3544 .
1524 3532 1537 3544 .
1570 3490 1677 3543 Sed
1702 3490 1840 3543 liber
1867 3490 1960 3544 lile
1982 3529 1993 3542 .
2014 3530 2027 3543 .
2050 3494 2271 3545 vocatur
2292 3488 2636 3543 Hortensi-ue.
2667 3487 3026 3543 Verisimilli-

298 3600 450 3636 mum
481 3588 563 3636 est
592 3585 650 3635 et
676 3583 735 3633 in
762 3579 952 3633 schola
980 3579 1218 3633 rhetoris
1246 3580 1396 3632 illius
1428 3584 1485 3633 et
1514 3581 1573 3633 in
1601 3580 1725 3633 aliis
1746 3579 2295 3649 Carthaginiensium
2323 3578 2613 3632 rhetorum
2642 3577 2845 3631 scholis
2873 3577 3024 3629 hunc

300 3688 459 3725 usum
507 3670 863 3725 observatum
909 3685 1041 3735 esse,
1088 3673 1155 3721 ut
1196 3668 1485 3737 discipulis
1522 3686 1591 3721 ex
1628 3668 1917 3721 Hortensii
1965 3667 2111 3721 libro
2150 3684 2184 3721 a
2228 3668 2510 3736 magistris
2549 3668 2913 3734 quaestiones,
2953 3665 3024 3718 de

299 3760 501 3830 quibus
553 3760 637 3812 illi
694 3759 1061 3827 disputarent,
1115 3762 1573 3827 proponerentur.
1650 3756 2013 3811 Conferamus
2069 3758 2216 3809 enim
2266 3756 2536 3809 Martiani
2592 3755 2870 3824 Capellae,
2927 3754 3024 3821 qui

300 3849 603 3917 Augustini
662 3848 909 3916 aequalis
963 3847 1025 3899 in
1079 3846 1291 3913 eadem,
1348 3864 1459 3914 qua
1502 3846 1595 3899 hic
1640 3846 1777 3899 urbe
1816 3846 2170 3914 eloquentiae
2217 3862 2444 3914 operam
2482 3844 2654 3912 dedit,
2709 3844 2916 3897 librum
2953 3841 3024 3896 de

300 3940 580 3993 rhetorica
619 3938 669 4003 (I
707 3938 759 4005 5,
794 3954 851 4005 p.
873 3936 980 3991 454
1018 3935 1143 4003 H.):
1200 3934 1439 4005 Infinita
1474 3936 1577 3989 illa
1612 3941 1688 3989 est
1723 3935 1983 4003 quaesti-o,
2022 3952 2160 4003 quae
2189 3934 2518 4003 qenai-aliter
2553 3932 2782 4002 quaerit,
2829 3938 3024 3987 utrum

298 4028 377 4081 sit
413 4026 635 4096 aliquid
668 4026 1041 4096 appetendum,
1096 4030 1184 4092 ut,
1239 4042 1327 4079 an
1354 4024 1974 4093 philosophandum
2009 4024 2120 4091 sit,
2175 4024 2250 4076 in
2287 4022 2664 4077 Hortensia
2741 4020 2834 4075 sio
2872 4021 3022 4074 enirn

300 4118 411 4170 iam
451 4115 786 4169 Aristoteles
822 4114 1203 4169 adulescentes
1239 4114 1489 4167 exercuit
1527 4112 1759 4181 (Orator
1795 4114 1906 4179 46).

516 4224 539 4257 ³
575 4221 822 4277 Confess.
860 4220 957 4275 111
993 4223 1047 4276 4.

515 4330 536 4365 ⁴
572 4329 679 4383 His
734 4329 917 4383 verbis
963 4329 1209 4397 aliquam
1254 4328 1726 4396 vituperationem
1774 4326 2052 4380 contineri
2089 4325 2240 4379 haud
2278 4325 2532 4378 dixerim.
2608 4322 2755 4378 Mihi
2794 4324 3022 4391 quidem

301 4422 649 4491 Augustinus
704 4418 845 4471 nihil
902 4417 1055 4472 aliud
1115 4416 1299 4471 dicere
1354 4417 1499 4470 velle
1544 4416 1784 4486 videtur,
1841 4432 2010 4484 quam
2051 4414 2334 4469 Ciceronis
2382 4414 2606 4482 quidem
2644 4413 3021 4481 eloquentiam

300 4509 559 4563 omnibus
612 4508 853 4577 placere,
908 4508 1213 4561 sententias
1268 4509 1455 4559 autem
1510 4507 1627 4559 eius
1672 4506 1977 4573 sapientiae
2015 4504 2206 4574 plenas
2244 4521 2358 4558 non
2397 4502 2467 4555 ab
2506 4501 2762 4556 omnibus
2802 4502 2926 4571 capi
2965 4506 3024 4554 et

302 4600 569 4667 intellegi.
607 4596 787 4667 Quam
825 4597 1161 4650 sententiam
1190 4612 1380 4649 sanam
1413 4611 1525 4649 esse
1553 4595 1739 4647 verbis
1766 4594 2198 4661 demonstratur,
2235 4608 2378 4660 quae
2405 4592 2576 4660 paulo
2605 4596 2730 4660 post
2758 4591 3026 4659 leguntur

303 4686 419 4748 (III
457 4690 543 4757 4):
600 4686 729 4739 Non
762 4703 885 4754 erqo
921 4686 997 4739 ad
1030 4684 1335 4739 aczoendam
1383 4682 1635 4752 linquam
1680 4682 1974 4751 referebam
2025 4682 2188 4737 illum
2233 4683 2253 4735 1
2259 4682 2442 4739 etnam
2493 4696 2663 4749 neque
2697 4679 2845 4732 veihi
2879 4681 3026 4733 loeu-

302 4776 521 4843 tionem,
556 4777 649 4829 sed
684 4776 825 4845 quod
858 4774 1175 4843 loquebatur
1202 4778 1569 4843 persuaserat.

409 4900 779 4943 nis-emtione
804 4900 923 4953 phil.
944 4900 1151 4943 vindob.
1182 4900 1313 4941 vm.
2811 4876 2844 4929 6
