3567 5109
1487 330 1918 395 -75—

910 520 1102 583 xxlv,
1139 521 1268 569 458:
1308 520 1496 581 (Deus)
1535 534 1648 569 non
1685 522 1857 570 stulta
1896 522 2007 570 iam
2048 528 2263 571 tantum
2302 536 2485 585 neque

1321 606 1555 656 Infirma
1595 608 1790 656 mundi
1829 609 2129 658 defluentis
2166 609 2341 671 eligit.

557 728 610 787 A
645 730 892 790 ceteris
940 746 1108 790 vero
1158 746 1402 791 versus
1450 730 1765 808 partibus
1815 740 2101 810 excepta
2149 749 2431 793 caesura
2464 734 2857 811 graviorem
2908 753 3055 795 sen-

349 834 602 893 tentiae
667 833 1248 895 intermissionem
1319 834 1692 913 prohibuit.
1772 834 1941 897 Nam
1995 836 2129 910 illa,
2183 854 2359 915 quae
2424 838 2679 913 legitur
2726 840 2795 899 in
2848 856 3054 899 versu

348 934 586 1011 XXIV,
638 944 749 998 ³5:

1043 1062 1112 1110 Ut
1150 1066 1291 1110 esset
1329 1074 1563 1110 onerum
1603 1062 1804 1122 portic.
1845 1062 1909 1110 In
1951 1074 2152 1110 navem
2192 1075 2349 1111 suam

347 1164 638 1227 elisione
687 1166 972 1229 tollitur.

556 1270 636 1332 In
685 1272 1030 1349 reliquis
1080 1290 1356 1350 quoque
1403 1275 1686 1333 metris
1735 1273 2062 1333 Paulinus
2111 1276 2296 1334 omni
2363 1272 2591 1335 studio
2650 1274 3052 1350 elaboravit,

346 1382 424 1434 ut
482 1378 822 1437 sententia
873 1383 1032 1455 apte
1081 1394 1235 1437 cum
1285 1385 1508 1438 metro
1557 1380 1792 1440 coiret.
1842 1376 1963 1438 Vel
2012 1378 2346 1438 leviorem
2395 1376 2946 1457 discrepantiam,
2996 1382 3052 1440 si

345 1478 526 1540 hanc
591 1478 822 1541 dicere
888 1480 1046 1541 licet
1109 1481 1179 1541 in
1248 1498 1454 1541 versu
1503 1480 1817 1558 XXXIII,
1870 1488 1969 1555 49,
2019 1482 2435 1562 synaloepha
2482 1484 2755 1545 auferre
2802 1484 3050 1545 studet.

343 1582 602 1645 Scribit
650 1586 832 1645 enim
881 1584 1236 1646 Paulinus:

969 1707 1124 1756 Tunc
1161 1707 1282 1756 ille:
1321 1722 1352 1755 υ
1393 1707 1610 1771 mulier,
1649 1708 1836 1757 nescia
1874 1708 2009 1768 quid
2049 1712 2221 1768 petas,

343 1811 659 1891 Denique
715 1830 853 1873 uno
903 1813 1054 1875 loco
1112 1812 1325 1885 XVII,
1375 1818 1454 1874 73
1479 1830 1528 1875 s,
1578 1812 1821 1874 ludere
1867 1813 2034 1874 mihi
2086 1812 2366 1875 videtur
2414 1817 2853 1893 oppositione
2902 1834 3047 1875 ver-

345 1918 598 1977 borum
644 1912 896 1976 odimus
942 1923 1011 1979 et
1053 1936 1365 1991 amamm,
1416 1934 1591 1995 quae
1641 1934 1889 1995 magna
1956 1936 2107 1979 cum
2170 1918 2244 1979 vi
2290 1923 2356 1979 et
2402 1920 2469 1980 in
2518 1917 2800 1980 ineunte
2856 1926 2923 1981 et
2978 1923 3047 1980 in

345 2028 644 2083 excunte
693 2040 900 2083 versu
949 2022 1398 2085 collocantur.
1445 2021 1576 2093 Qui
1627 2038 1872 2084 versus
1920 2028 2111 2084 sunt:

974 2142 1206 2193 Odimus
1243 2143 1518 2206 quamvis,
1557 2144 1654 2192 sed
1691 2144 1917 2193 easdem
1956 2142 2118 2205 (vias)
2160 2156 2433 2207 amamus;

968 2230 1202 2281 Odimus
1239 2233 1389 2294 quod
1430 2236 1482 2280 te
1519 2234 1833 2292 retrahunt,
1873 2244 2123 2280 amamus

970 2319 1132 2374 Quod
1181 2325 1337 2369 tuum
1375 2319 1537 2370 nobis
1575 2321 1768 2381 procul
1813 2319 2119 2368 attulerunt

1043 2390 1050 2399 ⁸
1280 2408 1522 2457 Cernere
1561 2408 1793 2456 vultum.

553 2510 687 2573 Sed
736 2513 842 2573 his
906 2510 1118 2573 rebus
1167 2515 1722 2574 commemoratis
1773 2512 1997 2574 oratio
2055 2513 2139 2574 ad
2189 2512 2401 2572 finem
2466 2514 2838 2589 perveniat.
2901 2510 3045 2572 Iam

343 2617 582 2693 paucis
647 2617 880 2678 verbis
929 2620 987 2679 si
1033 2617 1476 2695 complector,
1525 2635 1702 2695 quae
1764 2616 1897 2679 hoc
1964 2618 2299 2695 opusculo
2346 2634 2455 2677 me
2502 2617 2846 2677 lucratum
2893 2634 3045 2677 esse

343 2728 532 2799 put0,
591 2728 896 2784 statuere
945 2740 1051 2783 me
1097 2740 1301 2801 posse
1370 2713 1579 2783 credo
1627 2722 1986 2784 Paulinum
2035 2720 2373 2783 Nolanum
2423 2727 2638 2782 artem
2688 2722 3045 2781 metricam

343 2844 594 2903 magna
669 2826 1029 2904 diligentia
1097 2827 1400 2889 coluisse
1465 2844 1825 2907 propeque
1889 2828 1957 2889 in
2025 2844 2101 2888 ea
2160 2844 2233 2888 re
2300 2825 2627 2887 accedere
2709 2826 2794 2887 ad
2862 2828 3041 2904 opti—

341 2946 614 3012 morum
662 2931 1026 3010 poetarum
1088 2932 1448 2994 rationem.
1511 2931 1944 3002 Quibuscum
1994 2930 2389 3005 concinunt,
2438 2948 2613 3009 quae
2646 2929 3044 2991 Alexander

341 3034 856 3111 Baumgartner‚
923 3036 1312 3097 litterarum
1379 3036 1494 3097 ille
1540 3035 1958 3109 aestimator,
2025 3035 2095 3095 in
2144 3033 2345 3111 libro,
2404 3053 2604 3113 quem
2656 3033 3037 3113 inscripsit:

342 3137 772 3200 ‘Geschichte
816 3140 940 3200 der
973 3138 1486 3201 Weltliteratur'
1521 3140 1709 3217 (tom.
1743 3138 1855 3212 IV,
1890 3158 1952 3217 p.
1996 3140 2162 3216 151),
2208 3139 2291 3199 de
2326 3138 2594 3200 Paulini
2628 3141 2941 3199 oratione
2978 3145 3044 3198 et

337 3259 594 3320 genere
628 3242 900 3305 dicendi
932 3244 1205 3323 profert
1236 3244 1344 3305 his
1377 3244 1642 3306 verbis:
1671 3245 1802 3305 ‘An
1826 3243 2298 3304 Vei-trautheit
2319 3244 2440 3303 mit
2461 3242 2595 3303 den
2617 3242 3041 3317 Klassikern,

341 3347 723 3409 besonders
744 3347 981 3427 Vergil
1013 3348 1155 3410 und
1190 3348 1439 3424 Horaz,
1473 3348 1738 3409 kommt
1759 3349 2081 3410 Paulinus
2115 3348 2374 3409 seinem
2409 3346 2671 3407 Lehrer
2690 3347 3038 3408 Ausonius

337 3470 492 3511 zum
557 3454 932 3531 wenigsten
1001 3454 1240 3531 gleich‚
1309 3470 1395 3514 an
1445 3452 1920 3514 Gewandtheit
1976 3456 2043 3512 in
2110 3451 2409 3529 Sprache
2476 3451 2619 3512 und
2676 3451 3039 3512 Ausdruck

335 3556 642 3617 erreicht
688 3575 764 3619 er
809 3557 926 3619 ihn
975 3560 1195 3629 meist,
1244 3576 1327 3619 an
1397 3558 1883 3636 eigcntlichem
1931 3557 2335 3636 poetischen
2369 3557 2559 3617 Geist
2606 3555 2749 3617 und
2788 3556 3037 3617 schon-

337 3660 756 3737 heitsgefiihl
823 3660 1177 3722 iibcrtrifft
1251 3680 1324 3722 er
1390 3661 1507 3722 ihn
1593 3660 1699 3723 bei
1786 3664 2073 3723 weitem.
2160 3661 2256 3721 Er
2356 3661 2471 3722 hat
2562 3660 2672 3720 die
2763 3661 3035 3720 antiken

337 3764 782 3825 Versformen
818 3766 1281 3842 (Hexameter,
1313 3766 1694 3840 Distichon,
1731 3766 2040 3843 Epoden,
2074 3764 2487 3844 sapphische
2535 3763 2792 3841 Strofe)
2836 3764 3038 3824 wirk-

333 3867 472 3929 lich
523 3870 1028 3946 gewandt·und
1076 3870 1402 3946 lebendig
1449 3870 1572 3929 mit
1619 3870 1772 3931 dem
1824 3888 2041 3931 neuen
2093 3868 2532 3930 christlichen
2568 3867 2749 3928 Stoff
2788 3868 3037 3929 durch-

333 3972 653 4051 drungen
703 3972 843 4035 und
892 3973 1190 4035 beseelt.'
