3567 5109
1471 339 1945 406 -151—

569 533 760 604 Quae
809 533 1066 596 Fabius
1125 552 1209 593 ex
1258 532 1436 595 Celsi
1495 534 1577 595 de
1645 539 2215 612 argumentorum
2266 532 2545 594 sedibus
2595 531 3061 612 disputatione

361 640 753 717 sumpserit,
804 640 1132 718 detegere
1179 657 1320 700 non
1367 655 1757 716 possumus,
1818 638 1897 701 Id
1931 639 2154 700 solum
2188 655 2502 700 moneam
2537 637 3061 713 Quintilianum,

361 759 516 802 cum
565 741 732 805 dicit
779 743 862 821 (V
916 751 1009 820 10,
1058 743 1205 820 20):
1265 739 1691 802 Eoecutiamus
1756 761 1925 802 mmo
1997 744 2516 824 ‘aryumentormn
2581 737 2801 817 Iocoa’,
2846 761 3061 826 quam-

360 864 546 926 quam
579 843 965 932 quibusdam
1011 845 1080 905 hi
1109 865 1375 931 quoque,
1410 843 1487 907 de
1520 843 1748 931 quibua
1777 865 1981 928 supra
2013 844 2157 908 disci
2190 848 2256 925 (i.
2290 865 2344 910 e.
2378 847 2463 909 de
2497 849 2706 909 certis
2751 847 2789 925 ἓ
2842 851 2917 906 12
2941 865 3057 914 ss&

362 950 446 1013 de
504 952 960 1015 credibilibus
1011 957 1088 1010 16
1114 953 1245 1029 ss),
1312 948 1633 1028 ridentur,
1683 951 1989 1015 Cornelii
2036 953 2379 1014 rationem
2427 951 2717 1018 habere:
2768 969 2853 1012 ex
2900 951 3062 1012 Iulii

362 1056 545 1118 enim
596 1055 951 1119 Severiani
996 1057 1230 1118 verbis
1299 1058 1388 1136 (p.
1440 1063 1583 1133 361,
1635 1061 1710 1118 17
1735 1056 1887 1135 ss.):
1935 1053 2003 1116 in
2070 1051 2601 1116 coniecturalibus
2649 1051 2865 1115 causis
2911 1052 3060 1114 hinc

359 1167 734 1244 ary-amenta
803 1166 1178 1222 sumuntur:
1251 1181 1293 1220 a
1338 1159 1637 1243 personis
1659 1209 1818 1224 .....
1887 1161 2051 1219 veo-i
2094 1157 2493 1221 simvllibu3
2562 1158 2839 1223 Celsum
2886 1158 3061 1221 hanc

359 1271 672 1328 secutum
720 1284 871 1329 esse
918 1267 1334 1329 sententiam
1379 1272 1570 1344 puto.

565 1369 768 1442 Quod
817 1367 910 1432 ad'
953 1365 1502 1432 conclusionem
1556 1369 1820 1445 attinet,
1869 1387 2093 1448 neque
2126 1369 2343 1432 Iulius
2378 1369 2791 1432 Severianus
2839 1386 3061 1448 neque

359 1474 674 1538 Isidorus
725 1477 981 1540 ‘rerum
1029 1477 1514 1555 repetitionem
1560 1481 1630 1537 et
1675 1475 2315 1553 congregationcm’
2364 1480 2890 1549 commemorat;
2940 1474 3062 1535 sed

362 1579 651 1641 dubium
699 1599 837 1643 non
885 1587 1008 1658 est,
1058 1580 1224 1658 quin
1275 1578 1518 1641 Celsus
1578 1597 1728 1641 eam
1778 1597 1918 1641 non
1964 1579 2295 1642 omiserit.
2358 1577 2607 1640 Nescio
2666 1596 2751 1640 an
2797 1577 3061 1650 Quinti-

359 1684 584 1747 lianus
649 1687 851 1748 etiam
915 1688 987 1747 in
1052 1687 1492 1765 peroratione
1557 1684 2018 1747 describenda
2084 1701 2242 1746 eum
2299 1683 2719 1764 respexerit3
2770 1689 3063 1761 uterque

364 1791 562 1866 enim,
609 1796 688 1851 ut
728 1791 1240 1852 miserationem
1276 1807 1416 1853 non
1450 1790 1707 1852 debere
1739 1789 2020 1867 longam
2055 1779 2203 1850 esse
2235 1789 2680 1864 demonstret,
2714 1787 3065 1866 Apollonii

363 1892 666 1956 rhetoris
715 1895 974 1957 dictum
1020 1894 1218 1966 illud,
1267 1895 1453 1972 quod
1503 1893 1742 1956 Cicero
1779 1893 1892 1973 (de
1924 1891 2129 1954 1nv.1
2170 1894 2315 1970 109)
2370 1899 3062 1967 commemoraverat,

363 1995 608 2060 adfert.

726 2102 955 2159 Quintil.
994 2103 1069 2152 VI
1113 2107 1157 2165 1,
1195 2105 1278 2154 27.
1995 2098 2096 2153 Iul.
2138 2101 2427 2152 Severian.
2467 2115 2520 2162 p.
2562 2103 2679 2164 3⁷0,
2718 2103 2837 2152 2ss.

503 2203 806 2267 Numquam
843 2212 1015 2254 tamen
1052 2205 1199 2256 debet
1234 2205 1384 2272 longa
1423 2220 1532 2255 cue
1566 2206 1659 2254 mi-
1909 2209 1990 2256 24.
2032 2203 2273 2269 Epiloqoe
2310 2204 2375 2254 de
2410 2207 2544 2254 omni
2590 2221 2749 2254 cauea
2785 2209 2976 2271 νορίω,
3018 2213 3064 2254 et

361 2292 567 2356 scr-acio,
623 2307 716 2340 nec
767 2294 877 2342 eine
931 2309 1090 2342 causa
1143 2291 1332 2342 dictum
1370 2301 1444 2342 esc
1499 2291 1664 2340 nihil
1767 2295 1987 2342 maxime
2032 2303 2182 2356 qnam
2230 2293 2622 2343 ›miseriem-diam
2668 2309 2869 2344 nwverc
2909 2309 3064 2356 poue

352 2377 634 2441 facilius
670 2396 852 2442 quam
889 2381 1194 2429 lacrimae
1225 2381 1657 2441 inormem-3¹).
1766 2382 2117 2443 conspexeris:
2152 2383 2237 2444 qui
2272 2387 2444 2429 tamen
2481 2388 2625 2430 cmm
2660 2381 2833 2431 breves·
2856 2399 2952 2432 nec
2978 2384 3065 2431 diu

1755 2466 2105 2530 prosequendi
2114 2486 2131 2529 ;
2155 2483 2278 2516 nam
2306 2467 2599 2517 lacrimis
2625 2473 2905 2532 comparati
2931 2475 3062 2532 eunt,

1765 2553 1982 2616 quibus
2018 2554 2186 2603 nihil
2220 2555 2411 2604 citius
2449 2558 2704 2607 arescit.

567 2677 938 2742 Cornelius
984 2678 1230 2740 eodem
1277 2679 1430 2740 loco
1480 2684 1800 2740 accurate
1852 2680 1935 2740 de
1983 2679 2373 2741 adfectibus
2421 2679 2780 2742 concitatis
2829 2687 2896 2741 et
2945 2681 3061 2740 mi-

365 2783 568 2858 tibuS,
614 2790 691 2845 ut
739 2782 1148 2854 Quintiliani
1193 2784 1444 2858 verbis,
1494 2783 1747 2862 quibus
1797 2783 2055 2846 Graeca
2101 2785 2220 2845 illa
2268 2785 2485 2857 πάθος
2532 2790 2598 2844 et
2646 2779 2807 2863 ἦθος
2838 2786 3064 2860 vertit,

363 2893 540 2964 utar,
587 2888 864 2950 videtur
907 2889 1151 2967 egisse.
1215 2887 1432 2949 Iulius
1482 2887 1760 2966 quidem
1822 2888 2237 2950 Severianus
2286 2905 2365 2948 ea
2418 2893 2687 2950 tantum
2746 2892 3065 2964 servavit,

365 3010 539 3070 quae
571 2995 923 3072 pertinent
957 2992 1045 3054 ad
1081 2993 1538 3070 quaestiones»,
1587 2998 1758 3070 quot
1792 2992 1933 3054 sint
1978 2972 2315 3068 adfectus,
2343 3010 2427 3053 ex
2463 2993 2713 3070 quibus
2746 3000 3067 3073 petantur

365 3095 556 3172 lociS,
623 3095 977 3175 quomodo
1045 3103 1395 3158 oratorem
1460 3096 1544 3156 iis
1610 3099 1710 3157 uti
1775 3102 2131 3176 oporteat,
2184 3101 2480 3158 attamen
2538 3096 2812 3159 Celsum
2861 3099 3064 3160 etiam

367 3201 538 3279 quid
570 3209 754 3264 esset
783 3204 1022 3277 πάθος,
1043 3201 1211 3278 quid
1245 3196 1410 3280 ἦθος
1441 3201 1858 3280 explanasse
1893 3203 2207 3263 conicere
2242 3202 2419 3262 licet.
2458 3201 2873 3263 Graecorum
2909 3197 3071 3282 ἦθος

362 3323 532 3368 voce
568 3307 804 3365 ‘mores'
839 3306 1336 3385 interpretatus
1368 3305 1646 3367 videtur
1693 3323 1878 3381 esse;
1930 3305 2285 3367 Severiani
2327 3307 2506 3367 enim
2540 3306 2751 3368 verba
2800 3307 2889 3386 (p.
2925 3314 3068 3383 365,

371 3417 439 3470 13
464 3410 615 3488 SS.):
689 3406 910 3471 Omani&
962 3429 1164 3490 paene
1226 3407 1690 3490 aryumevztatio
1740 3405 2042 3468 ramalem
2086 3407 2579 3490 disputationem
2625 3408 2857 3492 recipit
2905 3430 2966 3490 q.
3016 3432 3066 3474 S.

363 3514 451 3576 ad
497 3515 674 3576 hanc
718 3531 868 3576 rem
915 3530 1068 3575 esse
1099 3512 1468 3576 referenda
1514 3532 1719 3576 nemo
1767 3514 2063 3592 negabit.
2112 3514 2220 3575 Ad
2266 3513 2459 3576 illum
2492 3515 2709 3592 igitur
2753 3524 3067 3595 spectare

367 3619 618 3698 opinor
649 3617 1059 3690 Quintiliani
1103 3618 1314 3679 verba
1364 3618 1486 3695 (VI
1535 3623 1591 3694 2,
1641 3619 1740 3695 8):
1788 3612 1969 3697 ἦθος,
2015 3617 2196 3676 cuius
2239 3618 2509 3692 nomine,
2554 3626 2623 3676 ut
2667 3638 2774 3698 eqo
2816 3615 3067 3700 quidem

363 3721 588 3798 aentiO,
637 3728 805 3782 caret
858 3741 1058 3782 sev-mo
1106 3717 1456 3782 Romanus:
1505 3741 1740 3780 mores
1786 3718 2310 3803 appellantur,

568 3826 854 3889 Fabium
911 3827 996 3888 de
1044 3825 1438 3889 adfectuum
1496 3845 1626 3888 usu
1685 3825 1969 3888 eandem
2038 3833 2242 3904 atque
2308 3825 2589 3889 Celsum
2656 3831 2850 3906 sequi
2916 3847 3064 3890 sen-

364 3932 657 3995 tentiam
717 3949 926 4011 supra
974 3931 1455 3994 indicavimus
1502 3932 1649 3992 Hoc
1705 3931 1860 3994 loco
1907 3930 2275 4009 utriusque
2322 3933 2536 3994 verba
2584 3933 3064 3994 conferantur:

702 4053 938 4110 Quintil.
977 4052 1050 4101 VI
1092 4057 1138 4117 1,
1177 4056 1332 4103 51³⁸.
2035 4053 2139 4101 Iul.
2181 4052 2467 4104 Severian.
2512 4068 2563 4114 p.
2605 4057 2719 4112 365,
2759 4057 2805 4102 5.

513 4155 700 4208 Omne-‘e
725 4163 892 4207 amm
919 4155 1008 4206 hoa
1034 4156 1288 4224 adfectus,
1319 4158 1519 4206 etiamsi
1554 4158 1659 4218 qui·
1917 4161 1995 4208 18.
2035 4156 2271 4218 Plerique
2286 4159 2435 4206 nuda
2454 4164 2754 4220 aryumenta
2770 4165 3066 4222 posuerunt,

366 4245 580 4295 busdam
614 4244 848 4294 videntur
881 4245 936 4292 in
964 4245 1229 4306 prooemio
1267 4250 1424 4308 atquc
1469 4245 1522 4291 in
1560 4245 1662 4306 epi·
1773 4244 2011 4307 adfectus
2046 4258 2165 4293 vero
2196 4245 2623 4308 perorationibus,
2650 4243 2741 4293 hoc
2766 4251 2839 4294 est
2859 4245 3069 4306 epiloyia

366 4331 472 4398 loqo
506 4330 678 4381 ecdem
715 4329 917 4397 habere,
953 4333 1006 4380 in
1042 4329 1218 4394 quibus
1251 4347 1380 4380 cane
1413 4331 1521 4378 sint
1544 4329 1661 4392 sre-
1771 4337 2109 4380 reservarunt.
2158 4332 2298 4380 Scire
2336 4338 2505 4380 autem
2552 4347 2644 4378 noc
2681 4330 2933 4394 debemus,
2973 4330 3067 4377 ad-

365 4420 698 4485 quentiuimi,
736 4424 906 4467 tamen
942 4418 1084 4467 aliae
1120 4435 1315 4481 quoque
1330 4425 1513 4481 parces
1535 4419 1660 4468 reci-
1760 4417 1950 4484 fecem,
2006 4418 2089 4480 qui
2149 4432 2213 4464 ex
2272 4415 2642 4478 quaestionibus
2702 4423 3068 4476 nascuntur,

357 4509 526 4572 piune,
564 4505 658 4555 sed
693 4505 960 4570 oravimea,
997 4512 1049 4553 ut
1089 4521 1198 4554 cum
1237 4521 1300 4554 ex
1335 4506 1404 4553 iic
1437 4505 1663 4569 plurima
1773 4507 1946 4554 statim
1968 4510 2023 4553 uc
2041 4506 2379 4566 propositioni
2414 4505 2708 4565 responsuri
2732 4519 2920 4566 smnus,
2962 4518 3071 4552 esne

365 4595 468 4642 εἰπε
501 4591 923 4644 reservanda...
1772 4589 2092 4642 reddendos.-
2128 4588 2259 4640 alibi
2296 4592 2447 4653 enim,
2486 4605 2635 4652 qnam
2671 4589 2755 4638 ubi
2788 4592 2902 4638 nati
2937 4597 3069 4654 cunt,

579 4750 618 4811 ²)
655 4727 900 4800 Pluralis
937 4762 1208 4799 numerus
1246 4749 1400 4812 apud
1436 4753 1740 4810 utrumque
1778 4747 2186 4806 observandus,
2232 4759 2359 4797 cum
2398 4747 2550 4808 apud
2589 4746 2921 4796 Ciceronem
2961 4747 3069 4794 sin·

367 4833 586 4901 gulnris
623 4842 820 4888 exstet:
861 4835 1134 4884 lacrima
1173 4834 1302 4884 nihil
1338 4836 1482 4882 citius
1508 4836 1712 4882 arescit.
