3567 5109
1673 217 2157 282 —174—

542 427 805 510 priscae
834 427 1221 493 Latinitatis
1248 434 1511 514 praeter
1536 427 1711 493 Eun.
1738 427 1917 492 Ann.
1947 431 2077 494 386
2107 429 2247 496 V.²:
2287 431 2462 495 volat
2491 451 2690 515 super
2721 430 3024 515 impetus·
3059 430 3303 505 unda-3,

550 533 631 599 cf.
660 533 984 600 Schmalz.
1015 557 1077 619 p.
1108 537 1292 616 276„
1340 534 1657 600 translate
1687 556 1836 600 cum
1866 533 1995 601 abl.
2023 533 2138 622 (=
2167 535 2299 622 de):
2341 535 2536 603 P237
2577 537 2723 613 Qua
2748 559 2952 622 super
2977 559 3065 601 re
3093 539 3305 602 inter-

540 641 791 724 fectum
835 663 966 706 esse
1010 643 1243 708 dixisti
1276 643 1627 728 Hippotem
1639 646 1694 722 ἓ,
1744 643 1925 726 quod
1973 642 2278 707 omnibus
2319 643 2725 726 temporibus
2767 644 3136 722 usitatum,
3189 642 3303 706 sed

550 749 867 813 sermonis
914 749 1257 815 familiaris
1305 751 1643 832 proprium
1690 754 1862 831 erat;
1928 770 2084 815 nam
2131 771 2172 815 a
2220 748 2506 816 Caesare
2549 751 2814 829 vitatur,
2864 772 2909 816 a
2956 749 3304 817 Cicerone

550 857 619 920 111
648 855 947 939 epistulis
978 857 1347 921 admittitur
1384 856 1715 939 <Draeger
1750 857 1789 920 I
1827 857 2000 937 664).
2031 894 2113 904 —-
2146 855 2470 923 Consulto
2499 855 2586 923 ad
2613 855 2812 921 finem
2843 858 3050 922 huius
3083 857 3304 940 partis

550 962 708 1026 mihi
754 963 1080 1028 reservavi
1126 963 1183 1028 P
1205 965 1334 1029 319
1391 963 1605 1041 Quam
1652 969 1708 1027 te
1744 970 1928 1049 post
1968 965 2199 1029 multis
2247 970 2428 1030 tuem·
2475 965 3004 1049 tempestatibus!
3065 963 3302 1046 Vulgo

547 1067 791 1133 talibus
835 1069 1000 1134 locis
1050 1107 1127 1118 -—·
1180 1068 1409 1136 Cicero
1459 1075 1525 1134 et
1573 1069 1822 1136 Caesar
1870 1090 2130 1154 qnoque
2177 1070 2284 1135 hic
2329 1069 2464 1136 illic
2509 1078 2660 1136 ante
2699 1077 2767 1135 et
2792 1077 2950 1155 post
2985 1070 3302 1136 ablativo

548 1183 989 1259 praeponunt,
1039 1177 1301 1260 saepius
1345 1176 1573 1241 Livius
1618 1176 1832 1259 (Neue
1879 1177 1995 1241 Π*
2043 1178 2196 1259 764)
2245 1215 2328 1225 -
2368 1185 2522 1263 post
2564 1175 2948 1242 adverbium
2997 1177 3303 1242 habetur

552 1283 975 1348 coniunctum
1042 1305 1188 1349 cum
1254 1282 1541 1349 ablativo
1602 1304 1946 1348 mensurae
2000 1283 2197 1366 idque
2245 1284 2563 1348 hactenus
2611 1290 2861 1349 rectum
2907 1291 3031 1364 est,
3109 1281 3302 1367 quod

553 1409 778 1454 omnes
825 1390 1347 1472 praepositiones
1392 1390 1715 1474 principio
1764 1389 2076 1455 adverbia
2113 1390 2395 1470 fuerunt,
2447 1389 2684 1474 quibus
2720 1391 2818 1454 vis
2855 1389 3302 1474 obliquorum

550 1517 821 1564 casuum
879 1496 1316 1562 definiebatur
1371 1504 1437 1561 et
1488 1496 1960 1562 illustrabatur.
2053 1495 2126 1562 Si
2181 1517 2333 1562 vero
2387 1497 2869 1562 translaticiam
2915 1497 3298 1562 dictionem

551 1603 999 1684 retinebimus,
1044 1603 1152 1668 hic
1202 1624 1461 1687 quoque
1510 1605 1747 1686 opinor
1796 1603 2153 1669 ablativum
2192 1625 2272 1668 ex
2309 1604 2798 1688 praepositione
2837 1605 3142 1687 pendere
3195 1603 3294 1668 di·

550 1709 831 1774 cendum
878 1717 997 1776 est.
1044 1707 1249 1777 Cuius
1291 1711 1386 1775 rei
1434 1731 1629 1794 grave
1678 1717 2137 1793 argumentum
2177 1731 2317 1775 esse
2357 1709 2658 1792 arbitror,
2711 1711 2889 1795 quod
2927 1712 3092 1777 Pac.
3133 1717 3292 1776 ante

551 1817 772 1897 etiam,
822 1816 933 1881 ubi
979 1815 1197 1882 locum
1245 1817 1515 1898 indicat,
1566 1838 1713 1882 cum
1761 1816 2048 1882 ablativo
2097 1819 2498 1883 consociavit
2541 1823 2711 1882 teste
2756 1817 3083 1900 Pompeio
3141 1815 3295 1882 GL.

546 1919 764 1990 V278
820 1945 957 1988 non
1011 1924 1273 1988 dubitat
1323 1925 1657 1990 Pacuvius
1708 1925 1914 1988 dicere
1972 1929 2150 1990 ‘ante
2207 1927 2506 2009 templo’‚·
2563 1925 2702 1989 ‘non
2755 1925 3019 1989 dubitat
3071 1924 3289 1988 dicere

552 2033 840 2114 ‘propter
882 2031 1205 2108 homine';
1265 2053 1403 2096 non
1446 2033 1707 2096 dabitat
1747 2031 1970 2112 dicere,
2017 2031 2191 2116 quod
2235 2033 2406 2096 dixit
2447 2033 2640 2095 etiam
2689 2031 3054 2096 Sallustius
3097 2033 3134 2114 <
3141 2031 3283 2094 Cat.

555 2137 677 2219 36>
724 2139 1003 2220 ‘praeter
1037 2139 1506 2204 cmtdemnatis’
1551 2191 1564 2202 .
1612 2191 1625 2204 .
1678 2138 2068 2204 Invenimus
2111 2139 2240 2204 ista
2276 2139 2517 2203 omm‘a.
2567 2137 2674 2203 De
2714 2136 3128 2203 Sallustiano
3173 2159 3286 2202 ex-

551 2241 767 2326 emplo
800 2243 1063 2326 quidem
1102 2247 1568 2327 grammaticus
1607 2265 1953 2327 perperam
1981 2244 2263 2324 iudicat;
2299 2251 2400 2312 est
2425 2245 2702 2323 dativuS,
2745 2246 2856 2328 qui
2887 2244 2974 2309 ad
3002 2245 3284 2309 verbum

552 2351 766 2414 liceret
809 2351 1111 2432 pertinet,
1160 2358 1226 2415 et
1264 2351 1585 2417 eiusmodi
1624 2352 1782 2436 quid
1817 2353 1890 2416 in
1916 2351 2192 2415 Pacuvii
2230 2350 2544 2434 exemplis
2578 2372 2701 2414 usu
2739 2351 2996 2416 venisse
3034 2353 3278 2434 potuit,

550 2455 806 2540 reliqua
869 2464 1089 2524 autem
1152 2480 1289 2524 11011
1342 2460 1437 2524 ita
1482 2458 1926 2537 submoveam,
1981 2465 2057 2522 ut
2099 2481 2168 2522 ‘m
2213 2457 2476 2523 finalem
2524 2458 2832 2527 omissam
2877 2456 3278 2541 Pompeium

550 2563 793 2648 fugisse
856 2571 1169 2646 statuam;
1232 2567 1371 2632 eius
1434 2565 1530 2631 rei
1594 2572 1900 2630 sescenta
1965 2563 2096 2629 alia
2149 2585 2230 2629 ex
2285 2563 2432 2628 aliis
2487 2564 2925 2646 scriptoribus
2971 2561 3276 2647 exempla

553 2671 843 2754 proferre
907 2675 1141 2755 potuit.
1232 2673 1533 2752 Accedit,
1601 2671 1779 2754 quod
1837 2671 2284 2754 compluribus
2339 2672 2628 2755 vestigiis
2685 2692 2762 2734 eo
2811 2670 3144 2750 ducimur,
3207 2673 3280 2732 ut

553 2777 709 2843 olim
754 2778 975 2861 plures
1022 2781 1546 2864 praepositiones
1592 2784 1659 2842 et
1705 2777 2066 2843 ablativum
2121 2785 2189 2843 et
2233 2779 2676 2844 accusativum
2733 2777 3284 2842 determinavisso

550 2907 911 2960 sumamus;
960 2887 1029 2951 id
1075 2886 1253 2970 quod
1298 2906 1432 2952 non
1480 2886 1715 2950 mirum
1754 2891 1873 2965 est,
1924 2907 2070 2950 cum
2107 2887 2178 2950 in
2214 2886 2300 2948 iis
2336 2885 2498 2968 ipsis
2537 2883 2704 2950 nihil
2741 2885 2842 2962 sit,
2887 2905 3019 2967 quo
3059 2891 3282 2948 certus

552 3014 743 3058 casus
790 2992 1137 3076 flagitetur.
1230 2992 1643 3058 Ratiocinari
1696 2993 1767 3056 id
1823 2991 1977 3058 inde
2025 2991 2198 3071 licet,
2265 2992 2442 3074 quod
2497 2993 2566 3056 in
2616 2990 2937 3056 Oscorum
2985 2989 3276 3055 dialecto

542 3105 695 3184 post
739 3105 807 3164 et
850 3104 944 3184 zip
990 3103 1101 3179 (=
1148 3099 1257 3182 ob)
1302 3119 1560 3182 semper
1611 3121 1759 3164 cum
1807 3097 2092 3164 ablativo
2133 3099 2672 3181 coniunguntur¹.
2717 3097 2905 3161 Idem
2941 3103 3282 3162 testantur

551 3205 793 3270 Latina
844 3205 1155 3270 adverbia
1190 3213 1401 3289 antea,
1440 3212 1684 3292 postea,
1722 3207 2012 3290 posthae,
2051 3211 2406 3289 praeterea,
2445 3210 2806 3290 propterea,
2853 3209 3272 3288 quapropter,

550 3313 799 3376 interea
836 3311 1095 3392 similia,
1137 3334 1413 3396 quorum
1454 3314 1637 3395 origo
1668 3319 1734 3377 et
1761 3318 2003 3376 natura
2031 3312 2426 3395 perspicitur
2455 3333 2536 3375 ex
2561 3310 2892 3375 locutione
2917 3311 3278 3374 advorsum

550 3417 670 3482 ead
713 3417 784 3482 in
832 3419 1019 3502 epist.
1066 3440 1242 3485 cons.
1291 3420 1379 3483 ad
1423 3418 1617 3484 Teur.
1665 3419 1745 3484 de
1793 3418 2038 3483 Bacch.
2083 3440 2138 3484 v.
2177 3420 2262 3482 25
2311 3423 2377 3482 et
2413 3439 2689 3482 arv-orsu
2724 3417 2843 3482 hae
2879 3414 3275 3498 (Schneider

549 3547 615 3591 n.
654 3527 783 3606 94).
846 3523 1081 3609 Neque
1128 3526 1537 3609 spernendus
1586 3532 1816 3590 auctor
1862 3531 1963 3589 est
2005 3523 2221 3592 Varro
2270 3525 2370 3604 (L.
2414 3524 2492 3590 L.
2529 3523 2670 3592 VH
2709 3525 2798 3607 8),
2849 3523 2961 3606 qui
3009 3543 3274 3587 cascum

550 3652 835 3711 carmen,
904 3653 1034 3715 quo
1096 3653 1305 3716 augur
1358 3632 1426 3696 in
1474 3653 1623 3697 arce
1670 3632 1986 3714 templum
2043 3631 2365 3714 capiebat,
2427 3630 2776 3694 memoriae
2825 3628 3064 3712 prodit.
3143 3629 3276 3693 Est

552 3739 725 3803 enim
769 3739 839 3804 in
888 3759 965 3803 eo
1011 3740 1186 3804 inter
1233 3759 1380 3803 cum
1427 3737 1714 3804 ablativo
1761 3740 2058 3802 iunctum
2111 3739 2286 3802 inter
2329 3759 2404 3802 ea
2447 3736 2822 3820 conreyione
2864 3736 3277 3820 conspiciam

550 3843 966 3924 eortumv'one,
1032 3867 1315 3930 quocum
1380 3844 1545 3910 bene
1603 3845 1972 3928 comparari
2027 3851 2246 3927 potest
2297 3843 2502 3909 ander
2557 3843 2894 3908 teremniss
2939 3869 3027 3898 =
3076 3843 3276 3906 ‘inter

551 3953 892 4016 terminos’
931 3953 1003 4017 in
1045 3954 1237 4038 cippo
1276 3951 1607 4017 Abellano
1647 3949 2000 4034 (Zvetaieff
2029 3973 2092 4016 n.
2136 3953 2283 4029 136,
2329 3953 2459 4034 14).
2504 3949 2866 4014 Pacuvium
2893 3948 3094 4032 igitur
3120 3955 3276 4012 ante

553 4060 785 4142 templo
832 4059 1169 4142 scripsisse
1218 4060 1535 4124 existimo,
1622 4057 1927 4124 Ciceroni
1970 4057 2135 4123 talia
2180 4057 2487 4122 videlicet
2531 4057 2776 4120 rustica
2822 4055 2955 4119 visa
3007 4063 3160 4119 sunt
3207 4061 3274 4118 et

772 4271 787 4303 ¹
824 4267 1000 4323 Velut
1037 4269 1327 4338 Zvetaieff,
1366 4271 1623 4340 inscript.
1662 4271 1792 4324 Ital.
1833 4268 1990 4324 infer.
2022 4269 2154 4323 dial.
2183 4287 2238 4322 11.
2269 4269 2386 4337 136,
2425 4270 2494 4321 45
2525 4271 2650 4335 post
2676 4266 2877 4335 feihois
2905 4271 2994 4334 (‘=-
3024 4266 3272 4334 finibus),

550 4375 605 4411 11.
638 4358 759 4423 129,
798 4361 830 4413 5
861 4365 985 4427 post
1019 4360 1115 4428 evis,
1162 4379 1217 4412 n.
1247 4361 1347 4414 231
1390 4361 1441 4428 8,
1478 4361 1548 4414 23
1580 4366 1705 4429 post
1742 4377 1888 4427 erac,
1927 4360 1996 4413 30
2026 4364 2148 4427 post
2183 4359 2367 4422 crixum
2418 4357 2489 4410 cf.
2529 4355 2789 4410 Plantam
2828 4355 2884 4410 11
2923 4356 3032 4410 439
3067 4360 3125 4409 et
3161 4357 3272 4410 440

554 4447 661 4516 „ob
710 4446 971 4516 iibrigens
1016 4449 1173 4502 nicht
1216 4448 1307 4502 bei
1345 4467 1436 4517 up,
1478 4453 1617 4516 post,
1648 4448 1790 4516 prael
1825 4447 1922 4500 auf
1958 4447 2045 4500 die
2087 4444 2264 4515 Frage
2311 4444 2534 4498 wohin?
2590 4445 2691 4498 der
2727 4445 3045 4498 Akkusativ
3083 4443 3270 4511 stand,

552 4535 688 4590 muss
725 4536 1124 4604 dahingestellt
1160 4537 1400 4604 bleiben,
1440 4537 1514 4590 da
1552 4537 1660 4590 alle
1697 4537 2020 4589 erhaltenen
2057 4535 2262 4603 Belege
2303 4533 2398 4588 auf
2435 4533 2524 4587 die
2561 4533 2744 4602 Frage
2780 4531 2902 4586 wo?
2939 4537 3270 4586 antworten.

554 4624 670 4676 Der
723 4623 1046 4677 lateinische
1103 4625 1566 4678 ausschliessliche
1612 4625 1932 4677 Akkusativ
1986 4624 2075 4676 bei
2123 4623 2204 4690 ob,
2243 4629 2366 4692 post
2421 4621 2607 4676 diirfte
2653 4623 2758 4675 wie
2804 4622 2945 4675 auch
2985 4622 3074 4674 liei
3109 4627 3272 4676 trans

555 4717 785 4780 (eontra,
822 4711 1023 4779 intest)
1062 4712 1158 4765 auf
1195 4713 1502 4766 sekundiire
1540 4712 1984 4780 Beschriinkung
2019 4711 2498 4765 zuriiekzufiihren
2536 4711 2686 4764 sein“
