3567 5109
1676 282 2118 345 *82-

538 496 727 561 tatis
790 496 1305 578 coyroitionem
1369 494 1794 578 appetebat.
1900 492 2070 557 Inde
2136 496 2268 556 iam
2333 490 2453 555 illa
2517 495 2834 556 scientiae
2902 491 3262 574 cupiditas,

538 623 673 685 qua
724 600 919 667 modo
974 600 1099 680 his,
1156 599 1351 666 modo
1408 598 1539 665 illis
1595 599 1839 665 litteris
1895 620 1964 663 se
2021 599 2264 664 abdere
2323 602 2603 682 cogitur,
2660 598 2856 663 modo
2911 604 2987 661 ut
3041 597 3262 675 huius,

536 710 731 775 modo
806 715 881 774 ut
954 707 1134 773 illius
1208 706 1753 791 philosophorum
1829 712 2048 773 sectae
2116 704 2534 789 disciplinam
2609 706 3022 788 profiteatur,
3087 726 3264 769 com-

539 822 835 883 movetur
854 818 894 879 ¹.
972 816 1145 881 Nam
1192 819 1405 881 maius
1454 821 1601 880 erat
1648 814 2009 897 Augustini
2061 815 2416 897 ingenium,
2484 834 2683 895 quam
2738 820 2814 877 ut
2859 816 3076 895 specie
3121 816 3268 876 veri

540 924 654 989 diu
704 923 1142 1005 deciperetur.

756 1046 889 1113 Sed
928 1051 1062 1111 iam
1100 1046 1479 1110 brevissime
1520 1044 1743 1110 studia
1781 1049 1850 1110 et
1887 1066 2151 1109 errores
2179 1043 2539 1129 Augustini
2577 1065 3062 1127 percurramus.
3113 1044 3264 1121 Cui,

540 1176 689 1219 cum
726 1152 1069 1219 Ciceronis
1104 1152 1313 1232 libris,
1360 1157 1474 1235 qui
1512 1152 1591 1217 de
1633 1151 2057 1236 philosophia
2084 1158 2259 1231 sunt,
2309 1172 2581 1234 operam
2612 1152 2823 1229 daret,
2872 1156 2938 1215 in
2979 1158 3260 1216 mentem

538 1264 735 1340 venit,
783 1267 860 1325 ut
906 1264 1273 1343 scripturas
1321 1281 1550 1324 sacras
1595 1254 1940 1343 percipere
1987 1266 2056 1325 et
2102 1258 2658 1342 comprehendere
2717 1258 3034 1323 studeret.
3129 1257 3262 1323 Sed

540 1372 603 1432 ei
648 1368 831 1433 haud
879 1366 1254 1450 placebant,
1318 1371 1474 1450 quia
1531 1387 1833 1431 sermone
1889 1364 2207 1431 familiari
2251 1371 2318 1431 et
2365 1364 2697 1431 cotidiano
2755 1368 3040 1447 scriptae
3097 1363 3262 1428 mul-

539 1481 681 1539 tum
728 1497 769 1538 a
818 1474 1161 1540 Ciceronis
1208 1473 1521 1557 eleganti,
1572 1473 1903 1557 expedita,
1951 1471 2146 1538 facile
2197 1478 2501 1538 currente
2542 1477 2841 1539 oratione
2880 1478 2949 1537 et
2993 1471 3264 1537 floribus

544 1581 807 1679 dicendi
875 1580 1380 1645 abhorrebant&
1475 1579 1699 1663 Quare
1756 1587 1977 1645 sectae
2039 1600 2108 1645 se
2167 1579 2469 1644 adiunxit
2523 1580 3091 1658 Manichaeorum,
3151 1582 3266 1663 qui

547 1687 826 1770 superbe
876 1708 944 1752 se
991 1691 1338 1752 veritatem
1386 1708 1643 1751 omnem
1691 1692 2106 1770 perspectam
2151 1686 2398 1751 habere
2458 1692 2526 1751 et
2571 1686 2739 1751 alios
2787 1686 3026 1752 doc-ere
3075 1706 3264 1769 posse

545 1792 1063 1879 gloriabantur³.
1149 1790 1279 1877 Qui
1330 1792 1689 1877 Augustini
1737 1797 1998 1859 animae
2047 1797 2296 1859 sitienti
2344 1793 2714 1859 doctrinam
2770 1815 2956 1857 suam
3014 1792 3266 1875 poculis

542 1899 1004 1984 pulcherrimis
1036 1898 1452 1983 eloquentiae
1484 1900 1981 1981 ministrabant3
2031 1922 2160 1983 quo
2199 1900 2446 1965 factum
2477 1906 2597 1979 est,
2643 1907 2738 1979 ut,
2777 1899 2935 1965 licet
2963 1899 3260 1964 doctrina

544 2029 772 2073 eorum
810 2006 1188 2089 Augustino
1236 2006 1419 2071 haud
1456 2012 1620 2072 satis
1660 2006 2079 2090 probaretur,
2128 2013 2349 2072 tamen
2388 2006 2572 2073 illam
2602 2014 2848 2072 sectam
2888 2029 3007 2090 per
3037 2028 3260 2072 novem

546 2136 755 2179 annos
804 2114 1253 2198 sequeretur4.

761 2238 1019 2304 Eodem
1104 2238 1240 2303 fere
1325 2245 1621 2321 tempore
1706 2239 2025 2323 plurimos
2099 2238 2334 2317 libros,
2419 2238 2658 2323 quibus
2742 2260 2852 2303 ars
2934 2237 3262 2302 rhetorica

546 2352 613 2411 et
677 2345 1059 2424 dialectica,
1124 2346 1622 2425 mathematica,
1690 2351 1972 2425 musica,
2041 2353 2301 2411 ceterae
2379 2353 2558 2411 artes
2632 2346 2944 2411 liberales
3021 2350 3264 2409 tracta-

542 2452 817 2531 bantur,
883 2452 1045 2537 legit
1109 2460 1177 2517 et
1240 2452 1424 2519 nullo
1500 2453 1853 2519 adiuvante
1928 2451 2248 2537 magistro
2325 2458 2566 2536 optime
2643 2453 2969 2520 intellexit
2989 2454 3030 2517 ⁵.
3121 2452 3268 2515 Iam

548 2559 849 2647 omnibus
908 2559 1156 2627 civibus
1214 2565 1355 2625 eius
1411 2565 1752 2645 ingenium
1807 2565 1903 2625 ita
1959 2568 2188 2626 notum
2243 2568 2419 2640 erat,
2475 2567 2552 2627 ut
2607 2562 2746 2643 ipse
2812 2560 2969 2628 ludo
3039 2566 3270 2642 aperto

547 2666 867 2749 plurimos
934 2672 1263 2733 inveniret
1318 2668 1707 2750 discipulos,
1766 2672 1880 2750 qui
1935 2689 2004 2733 se
2063 2672 2128 2731 in
2185 2672 2328 2733 eius
2385 2667 2802 2751 disciplinam
2859 2668 3204 2733 traderent
3227 2667 3272 2729 ⁶.

552 2773 721 2839 Cum
792 2778 867 2837 in
940 2779 1161 2857 patria
1228 2775 1464 2840 docere
1541 2779 1868 2857 coepisset
1893 2775 1936 2853 ⁷,
2013 2796 2320 2858 magnam
2395 2797 2544 2840 eum
2616 2775 2884 2839 laudem
2959 2774 3272 2857 adeptum

545 2901 686 2945 esse
754 2881 905 2946 inde
972 2885 1256 2964 perspici
1324 2887 1561 2962 potest,
1625 2882 1804 2965 quod
1868 2880 2064 2961 ludis,
2125 2883 2361 2965 quibus
2419 2904 2564 2947 cum
2623 2886 2874 2946 musica
2925 2888 3068 2945 tum
3125 2902 3274 2946 ora-

544 2994 764 3053 torum
825 2991 1192 3055 certamina
1243 2988 1792 3068 instituebantur,
1851 2992 1984 3053 iam
2041 2988 2428 3054 adulescens
2485 2992 2825 3053 victoriam
2883 2994 3276 3053 consecutus

546 3101 649 3159 est
663 3096 707 3158 ⁸.
806 3095 1040 3179 Neque
1100 3098 1263 3159 satis
1317 3094 1553 3161 habuit
1614 3094 1857 3161 litteris
1914 3094 2146 3161 leviter
2201 3102 2462 3169 tantum
2516 3095 2750 3175 imbui,
2811 3095 2926 3160 sed
2983 3098 3278 3163 omnium

546 3201 650 3267 vel
708 3202 1207 3271 reconditarum
1264 3206 1508 3267 artium
1564 3206 1960 3283 exquisitam
2017 3208 2216 3285 atque
2283 3203 2592 3269 subtilem
2658 3207 3002 3285 acquirere
3069 3200 3282 3267 voluit

552 3310 915 3371 scientiam.
1009 3308 1251 3391 Itaque
1318 3307 1527 3372 libros
1590 3308 2208 3374 mathematicorum
2273 3308 2437 3392 legit
2491 3316 2556 3373 et
2613 3316 2822 3374 morte
2882 3312 3101 3387 amici,
3163 3314 3279 3391 qui

557 3412 935 3497 Thagastae
1014 3415 1420 3495 decesserat,
1506 3414 1695 3479 valde
1784 3414 2087 3479 adflictus
2163 3419 2229 3479 in
2303 3422 2650 3498 poetarum
2735 3416 3136 3482 carminibus
3213 3422 3284 3479 et-

560 3520 1103 3605 philosophorum
1161 3522 1349 3587 libris
1407 3522 1594 3587 lectis
1652 3528 1719 3586 et
1773 3525 1844 3586 in
1903 3522 2458 3605 disputationibus
2525 3545 2674 3589 cum
2739 3526 2966 3589 amicis
3032 3523 3283 3589 habitis

554 3626 873 3696 solacium
949 3633 1205 3697 animae
1282 3627 1667 3695 vulneratae
1742 3628 2110 3711 quaerebat
2129 3630 2174 3692 ¹³.
2281 3630 2506 3713 Atque
2571 3636 2649 3696 ut
2711 3634 3072 3695 mutatione
3147 3629 3286 3697 loci

556 3733 773 3799 dolori
845 3736 1252 3813 mederetur,
1326 3733 1560 3799 relicta
1634 3738 1858 3815 patria
1931 3739 2164 3818 petivit
2229 3736 2724 3819 Carthaginem.
2818 3736 2902 3799 In
2969 3758 3049 3801 ea
3111 3737 3284 3803 urbe

548 3840 755 3907 libros
823 3842 957 3908 ‘De
1024 3841 1301 3925 pulchro
1369 3847 1435 3905 et
1501 3844 1684 3924 apto'
1763 3846 2060 3924 scripsit,
2139 3865 2304 3927 quos
2370 3844 2457 3909 ad
2523 3844 2858 3923 Hierium,
2933 3844 3285 3909 Romanae

550 3950 734 4016 urbis
811 3956 1173 4028 oratorem,
1250 3952 1446 4013 misit.
1541 3948 1754 4033 Quem
1830 3954 2041 4014 virum
2117 3950 2382 4016 doctum
2448 3972 2528 4014 ex
2594 3955 2733 4015 eius
2807 3950 2994 4014 libris
3069 3950 3288 4016 solum

550 4063 857 4135 noverat,
917 4057 1053 4133 sed,
1114 4055 1292 4139 quod
1352 4076 1502 4120 eum
1559 4063 1625 4120 et
1680 4058 1845 4121 artis
1902 4056 2163 4122 dicendi
2220 4078 2364 4123 esse
2419 4060 2890 4140 peritissimum
2945 4065 3014 4121 et-
3066 4057 3286 4141 philo-

766 4320 787 4355 ¹
840 4320 927 4375 Cf.
986 4321 1115 4373 libri
1175 4322 1257 4375 De
1316 4323 1483 4376 beata
1539 4323 1654 4376 vita
1712 4322 1741 4375 I
1799 4324 1872 4376 4:
1947 4323 2060 4391 qu
2115 4323 2351 4392 abusque
2411 4325 2814 4379 wedericesimo
2875 4342 3023 4379 anno
3087 4327 3290 4379 aetatis

550 4427 717 4477 mae,
755 4415 1049 4478 postquam
1094 4410 1160 4463 in
1206 4412 1391 4465 schola
1434 4412 1665 4465 rhetoris
1712 4412 1918 4465 librum
1967 4412 2132 4465 illum
2186 4413 2480 4479 osc-erm«,
2527 4414 2627 4483 qui
2673 4415 3000 4469 Hortensius
3045 4420 3289 4479 roca-tur,

548 4498 751 4567 accepi,
806 4504 957 4553 tanto
1008 4517 1193 4555 amore
1234 4501 1614 4569 philosophiae
1659 4518 1953 4555 succensus
2007 4519 2150 4568 sum,
2207 4507 2268 4556 ut
2311 4502 2503 4556 statim
2549 4505 2622 4556 acl
2667 4522 2788 4557 eam·
2841 4522 2927 4557 me
2981 4504 3292 4571 traowfeww

550 4587 867 4643 meditarer.

768 4694 791 4728 ²
828 4694 1071 4749 confess.
1112 4694 1205 4748 111
1244 4696 1294 4748 5.
1344 4728 1411 4736 -
1462 4697 1484 4732 ³
1520 4696 1666 4751 Ibid.
1705 4697 1804 4751 ΠΙ
1841 4699 1893 4752 6.
1942 4732 2008 4739 -
2057 4699 2080 4733 ⁴
2119 4699 2263 4752 Ibid.
2302 4699 2392 4753 Ν
2431 4701 2478 4753 1.
2519 4732 2583 4738 -
2633 4700 2656 4733 ⁵
2691 4699 2780 4753 1v
2822 4702 2905 4756 16.
2943 4732 3010 4739 -
3051 4698 3074 4735 ⁶
3109 4700 3196 4755 1v
3233 4704 3290 4773 2,

555 4782 1731 4855 ⁷1v4.-⁸1V3.—⁹1v3,7‚s.
