3567 5109
1651 311 2081 373 -22-..

725 506 830 567 Ex
909 505 1162 583 quibus
1238 506 1546 568 numeris
1625 505 1845 582 liquet
1920 506 2150 566 rarius
2228 503 2509 583 quidem
2598 502 2783 582 apud
2861 501 3223 563 Paulinum

519 613 786 675 admitti
833 610 1351 689 synaloepham,
1431 628 1640 689 quam
1708 610 1896 688 apud
1963 610 2345 688 Vergilium
2406 641 2493 651 —
2556 624 2719 669 nam
2782 606 2965 686 apud
3041 604 3225 667 hunc

519 718 727 796 longa
802 717 874 777 in
952 714 1080 791 ΙΧ.,
1159 714 1384 777 media
1448 716 1519 776 in
1583 714 1789 791 VIIL,
1852 714 2092 777 brevis
2155 716 2224 776 in
2286 713 2399 775 IV.
2462 713 2611 775 fere
2678 729 2954 791 quoque
3018 728 3224 771 versu

519 823 819 898 eliditur,
888 819 1070 899 apud
1134 820 1329 881 illum
1398 825 1626 881 autem
1673 820 1883 898 longa
1948 822 2017 882 in
2063 819 2257 895 ΧΧΙ.,
2320 818 2549 881 media
2612 819 2681 879 in
2729 817 2927 892 ΧΧΙ.,
2991 816 3225 878 brevis

521 930 588 988 in
637 926 782 989 VII.
832 942 1108 1005 quoque
1152 943 1358 988 versu
1410 961 1484 971 --
1538 942 1763 1004 neque
1811 942 1979 987 vero
2028 943 2185 987 eum
2232 924 2523 1002 adsequi
2571 921 2916 984 Ovidium.

720 1220 780 1271 a.
831 1202 917 1272 De
965 1202 1186 1273 verbis
1231 1202 1631 1289 syllabisque
1679 1202 2055 1288 quibusdam
2106 1202 2165 1270 in
2214 1201 2585 1271 universum
2636 1200 3009 1287 disputatio.

728 1397 995 1469 Quibus
1042 1400 1440 1475 praemissis
1488 1400 1546 1459 si
1595 1398 1680 1459 ad
1727 1398 1942 1460 verba
1991 1398 2427 1479 syllabasque
2476 1398 2683 1458 elisas
2732 1396 3223 1457 convertimur..

523 1503 778 1582 duplex
855 1501 1117 1564 Paulini
1208 1504 1388 1564 ratio
1484 1504 1552 1563 in
1647 1504 1881 1564 verbis
1963 1503 2345 1576 HebraiciS,
2431 1521 2607 1581 quae
2690 1504 2759 1564 in
2824 1521 2885 1558 m
2948 1504 3224 1564 exeunt,

521 1612 892 1686 spectatur.
983 1607 1250 1679 Quibus
1314 1610 1384 1670 in
1450 1608 1685 1670 verbis
1735 1608 1995 1671 hiatum
2045 1609 2255 1671 semel
2302 1613 2617 1671 removet
2664 1609 2965 1684 elisione,
3013 1605 3223 1665 semel

523 1712 655 1774 sibi
705 1713 1020 1775 concedit
1067 1714 1138 1773 in
1185 1713 1458 1775 duobus
1508 1714 1612 1775 his
1660 1714 2013 1775 versibus:

729 1854 824 1918 IX,
863 1854 930 1903 39
969 1853 1102 1903 Esto
1143 1864 1360 1901 memor
1396 1858 1513 1902 tum
1553 1854 1733 1915 prolis
1773 1854 1972 1921 Edem,
2012 1857 2075 1903 ut
2111 1867 2279 1903 versa
2317 1854 2443 1903 vice
2480 1857 2764 1912 nostrum;

732 1940 828 2005 IX,
867 1941 930 1989 41
972 1940 1271 1989 Moenibus
1310 1939 1550 1989 aeternis
1589 1936 1941 1990 Hierusalem
1980 1940 2285 1991 habitabit.

525 2064 761 2141 Neque
844 2064 1026 2123 enim
1111 2062 1322 2124 credo
1401 2062 1734 2141 syllabam
1821 2083 1913 2122 em
2000 2065 2284 2126 alterius
2359 2080 2609 2126 versus
2685 2063 2810 2124 niti
2876 2062 2945 2123 in
3010 2058 3049 2117 h
3126 2076 3227 2120 se·

531 2169 807 2245 quentis
873 2166 1092 2241 verbi,
1161 2186 1314 2229 cum
1379 2167 1541 2229 alibi
1605 2168 1799 2229 nulla
1866 2171 2159 2248 vestigia
2206 2167 2246 2227 h
2292 2170 2748 2232 consonantis
2796 2168 3226 2228 inveniamus

529 2270 646 2359 (cL-
695 2270 956 2333 Hartel.
1004 2271 1043 2333 l.
1090 2272 1136 2335 1.
1179 2290 1243 2350 p.
1293 2274 1376 2349 4).

733 2374 999 2437 Deinde
1046 2375 1262 2437 verba
1307 2372 1846 2461 monosyllaba
1891 2378 2077 2439 XLII
2145 2380 2212 2439 in
2278 2378 2565 2440 elisione
2634 2379 2862 2457 posita
2932 2379 3092 2436 sunt
3156 2375 3226 2435 in

530 2498 737 2541 versu
786 2481 1086 2550 heroice,
1137 2480 1291 2541 XIV
1339 2481 1408 2542 in
1441 2498 1649 2542 versu
1682 2481 1993 2543 iambico
2044 2481 2353 2553 Quorum
2388 2481 2767 2544 verborum
2800 2477 3229 2559 synaloepha

528 2584 796 2647 severis
864 2583 1140 2663 legibus
1208 2585 1616 2647 continetur.
1709 2586 2025 2665 Namque
2102 2587 2319 2649 verba
2395 2584 2876 2665 monosyllaba
2942 2583 3230 2645 elisione

537 2706 689 2749 cum
756 2694 1086 2767 sequente
1150 2689 1412 2767 syllaba
1474 2689 1673 2751 brevi
1739 2692 2127 2753 coalescere
2192 2711 2332 2754 non
2381 2710 2629 2771 passus
2696 2695 2800 2752 est
2862 2689 2997 2752 nisi
3043 2689 3231 2750 inde-

537 2793 889 2855 clinabilia
953 2799 1071 2855 aut
1136 2794 1439 2855 flexione
1504 2793 1808 2857 formata
1859 2814 1895 2857 a
1943 2796 2255 2874 legitimo
2321 2797 2531 2861 modo
2597 2796 2840 2871 aliena,
2904 2794 2976 2856 id
3042 2792 3231 2872 quod

540 2899 783 2977 optimi
849 2900 1099 2977 poetae
1167 2899 1634 2963 observabant
1684 2900 1795 2979 (cf.
1844 2902 2177 2977 Muelle1·.,
2244 2922 2307 2981 p.
2380 2901 2553 2978 339).
2629 2900 2950 2962 Ceterum
3018 2896 3235 2959 verba

539 3003 1036 3081 monosyllaba,
1105 3020 1281 3081 quae
1346 3004 1675 3081 legitimis
1741 3024 2025 3067 casuum
2090 3006 2373 3084 syllabis
2452 3006 2933 3081 terminantur,
3010 3020 3096 3064 ne
3158 3001 3231 3062 in

540 3107 748 3186 longa
815 3107 1092 3186 quidem
1160 3110 1436 3186 saepius
1503 3110 1878 3188 eliduntur,
1946 3129 2152 3188 quam
2218 3112 2288 3171 in
2352 3111 2461 3171 his
2527 3110 2795 3172 verbis:
2864 3107 3039 3184 XIX,
3109 3111 3231 3166 516

539 3210 741 3293 (que-m
809 3218 866 3271 et
911 3206 1145 3291 Nola);
1223 3213 1398 3289 XXI,
1466 3217 1588 3275 775
1657 3208 1819 3293 (rem
1882 3212 2071 3295 esse);
2146 3215 2417 3291 XXVII,
2489 3220 2608 3275 137
2676 3214 2888 3293 (quem
2932 3218 2991 3269 et
3033 3206 3235 3291 πται),-

542 3325 660 3379 331
714 3314 814 3397 (in
860 3336 978 3397 quo
1024 3314 1382 3398 hactenus);
1445 3318 1618 3395 XVI,
1667 3322 1791 3378 212
1841 3316 2051 3399 (quem
2118 3316 2187 3379 in
2234 3318 2556 3400 corpore);
2618 3318 2863 3393 XVIII,
2931 3322 3001 3374 91
3076 3310 3235 3395 (vim.

537 3420 609 3483 in
655 3418 858 3503 vita);
929 3421 1164 3496 XXIV,
1234 3427 1309 3482 71
1363 3420 1514 3503 (qu-o
1561 3418 1901 3505 aboupta);
1964 3424 2198 3498 XXIV,
2266 3430 2301 3485 7
2310 3432 2343 3485 7
2396 3424 2585 3504 (quae
2632 3420 2716 3481 ad
2760 3417 3237 3497 dehiscentem),-

540 3528 776 3603 XXIV,
829 3531 950 3586 639
1000 3523 1190 3607 (quae
1238 3527 1434 3609 ante).
1528 3526 1756 3598 Quare
1806 3529 2175 3590 reiciemus
2224 3530 2715 3604 coniecturam,
2775 3544 2979 3606 quam
3028 3522 3235 3585 Zech-

543 3634 826 3694 meister
870 3635 1251 3711 proposuit
1296 3634 1383 3695 ad
1430 3633 1665 3705 XXIV,
1719 3640 1861 3702 615,
1912 3636 2031 3713 qui
2076 3637 2233 3697 loco
2281 3635 2618 3713 lectioniS,
2670 3652 2875 3713 quam
2910 3630 3238 3693 exhibent

542 3738 704 3801 libri
751 3756 962 3802 manu
1009 3740 1290 3817 scripti:

1305 3860 1441 3909 Eius
1477 3864 1732 3921 potentes
1771 3860 1923 3909 mille
1960 3867 2277 3923 serpentem
2316 3863 2475 3928 doliS,

545 3965 978 4028 commendat
1025 3961 1091 4025 vi
1135 3954 1268 4023 eius
1305 3971 1610 4045 potentes,
1659 3964 1879 4036 Quam
1926 3967 2393 4029 coniecturam
2444 3986 2523 4029 eo
2560 3969 2777 4045 magis
2811 3980 3238 4044 spernemuS‚

545 4071 733 4149 quod
765 4070 836 4131 in
867 4070 1088 4149 prima
1121 4069 1325 4129 metri
1360 4069 1636 4131 iambici
1683 4071 1861 4131 thesi
1910 4072 2081 4133 haec
2114 4074 2259 4134 sola
2308 4071 2447 4134 duo
2498 4069 3013 4149 monosyllaba:
3070 4062 3234 4125 Nam

545 4183 600 4235 et
663 4172 998 4234 liberorum
1047 4175 1248 4253 (XXI,
1297 4174 1449 4253 262)
1516 4181 1581 4235 et
1655 4170 1790 4243 Quo
1844 4174 2120 4259 abrupta
2187 4177 2448 4256 (XXIV,
2507 4177 2613 4255 71)
2672 4174 3123 4238 inveniuntur
3168 4171 3238 4231 in

547 4281 832 4343 elisione
897 4286 967 4339 et
1027 4279 1234 4340 lectio
1300 4277 1560 4340 tradita
1615 4278 1819 4341 facile
1888 4282 2219 4360 explicari
2287 4288 2520 4360 potest
2586 4280 2698 4360 (cf.
2768 4279 3028 4341 Hartel.
3093 4258 3133 4339 l.
3200 4275 3239 4337 1.

545 4406 604 4465 p.
656 4385 788 4462 31).

757 4490 907 4551 Uno
955 4488 1106 4549 solo
1151 4488 1305 4551 loco
1355 4488 1650 4551 verbum
1697 4491 2281 4569 monosyllabum,
2348 4493 2535 4571 quod
2585 4490 2915 4570 pondere,
2979 4491 3037 4550 si
3085 4506 3242 4549 cum

552 4592 888 4655 Muellero
966 4594 1198 4656 dicere
1274 4596 1452 4670 licet,
1517 4594 1746 4672 logico
1823 4604 1925 4657 est
1998 4597 2293 4675 insigne,
2360 4616 2501 4659 non
2564 4598 2634 4657 in
2684 4615 2896 4657 unum
2948 4593 3243 4656 confluit

551 4716 706 4759 cum
755 4716 924 4760 voce
971 4705 1322 4779 sequente.
1370 4700 1496 4760 Est
1543 4706 1772 4761 autem
1820 4720 2067 4761 versus
2117 4703 2223 4763 hic
2277 4703 2577 4779 (XXXII,
2632 4702 2815 4780 1450:

1059 4822 1162 4879 Qui
1201 4826 1384 4871 tamen
1427 4824 1520 4873 aut
1557 4836 1668 4871 non
1709 4828 1804 4888 est,
1846 4828 1939 4873 aut
1976 4826 2021 4872 si
2062 4831 2140 4873 est
2181 4824 2438 4875 diabolus
2476 4826 2597 4888 ipse
2636 4830 2731 4875 est.
