3567 5109
1673 309 2107 373 -20-

545 502 766 569 Iudith
815 505 1059 584 (XXVI
1111 506 1292 583 163);
1359 498 1580 563 inclita
1649 498 1863 562 Iudith
1928 500 2264 579 (XXVIII,
2350 503 2477 580 26).
2562 500 2906 582 Synizesis
2971 517 3253 580 semper

547 610 908 674 invenitur
947 614 1019 672 in
1064 610 1280 672 verbo
1325 605 1599 667 Iudaeus
1640 607 1779 685 (VI,
1822 613 1969 681 1633
2009 607 2125 685 IX,
2176 613 2244 682 23
2297 608 2509 685 XXII,
2558 612 2664 683 95;
2696 606 2934 682 XXVI,
2970 612 3068 682 37,
3120 606 3253 683 46).

756 715 890 777 Sed
940 716 1144 777 aliter
1189 732 1303 775 res
1351 732 1424 777 se
1472 712 1683 774 habet
1751 711 1823 773 in
1889 711 2289 773 nominibus
2339 708 2555 788 Iona-9,
2619 707 2865 793 Ioseph,
2930 706 3251 770 Iordanis.

551 820 855 883 Verbum
932 820 1159 899 primo
1245 819 1396 880 loco
1463 817 1814 896 prolatum
1880 816 1954 878 in
2034 835 2086 878 c.
2154 813 2371 879 XXIV
2438 822 2683 896 quater
2765 817 3118 895 reperitur
3181 816 3253 877 in

549 926 730 987 trim.
785 930 912 985 195
955 929 1023 985 et
1073 930 1229 983 169:

1383 1026 1451 1075 Et
1486 1026 1631 1075 sicut
1666 1025 1802 1073 olim
1831 1025 1981 1074 iussa
2020 1024 2199 1073 Ionan
2238 1026 2425 1089 obvi0,

1384 1114 1552 1161 Ionas
1590 1115 1651 1161 ut
1687 1112 1824 1160 olim
1866 1116 2059 1162 ventre
2096 1114 2261 1162 navis
2298 1113 2545 1176 abditus,

556 1226 625 1283 et
673 1220 743 1283 in
795 1221 955 1283 dim.
1005 1224 1128 1278 210
1179 1225 1247 1281 et
1296 1224 1453 1280 240:

1527 1324 1837 1372 Recurrere
1876 1324 1946 1371 ad
1985 1324 2167 1372 Ionan
2205 1324 2361 1387 libet,

1525 1410 1764 1472 Oportet
1803 1410 1873 1459 ad
1909 1412 2091 1459 Ionan
2131 1425 2335 1461 meum.

559 1533 1010 1613 Nequaquam
1054 1536 1125 1596 in
1173 1533 1284 1596 his
1332 1533 1656 1596 versibus
1703 1529 1746 1592 I
1788 1534 2100 1596 vocalem
2150 1540 2455 1597 statuere
2503 1535 2680 1597 licet.
2760 1534 2931 1595 Nam
2980 1552 3014 1591 o
3060 1549 3261 1595 voca-

559 1637 694 1698 lem
741 1655 890 1700 esse
947 1638 1225 1717 longam
1283 1654 1511 1715 versu,
1563 1654 1770 1716 quem
1819 1640 2049 1716 primo
2097 1638 2249 1700 loco
2297 1642 2675 1718 posuimus,
2725 1638 3075 1699 docemur.
3124 1636 3263 1697 Sed

561 1742 686 1803 etsi
737 1762 770 1800 o
820 1743 1128 1804 vocalem
1186 1747 1583 1822 correptam
1632 1748 1941 1803 statuere
1987 1740 2243 1820 liceret,
2291 1743 2883 1823 pronuntiationi:

1459 1866 1692 1929 Oportet
1727 1858 1800 1916 fid
1837 1844 2019 1951 Ionan
2058 1879 2262 1929 meum,

1462 1954 1770 2004 Recurrere
1812 1944 1881 2002 fid
1920 1956 2102 2003 Ionan
2140 1953 2279 2003 libet

568 2078 874 2153 graviter
919 2076 1279 2138 obstarent
1324 2076 1516 2155 leges
1564 2084 1909 2153 accentuS,
1958 2096 2127 2155 quas
2179 2076 2555 2155 diligenter
2599 2074 3007 2138 observavit
3038 2074 3261 2135 Pauli—

569 2200 696 2243 nus
758 2180 870 2258 (cf.
921 2198 984 2259 p.
1034 2179 1161 2258 42).
1209 2179 1380 2241 Tum
1429 2177 1652 2261 Ioseph
1691 2182 1917 2261 prima
1967 2180 2199 2244 littera
2246 2181 2475 2243 vocali
2522 2180 2780 2259 legitur
2812 2180 2987 2255 XIX,
3046 2184 3164 2236 100
3200 2185 3269 2237 et

569 2285 836 2361 XXVII,
906 2288 1060 2360 624;
1128 2283 1314 2346 idem
1377 2286 1606 2348 valere
1672 2287 1952 2348 videtur
1999 2286 2084 2347 de
2130 2285 2368 2362 XXIV,
2435 2290 2551 2346 741
2624 2280 2758 2362 (ille
2806 2279 3086 2368 Ioseph).
3181 2282 3269 2342 At

572 2391 868 2451 duarum
919 2389 1348 2468 syllabarum
1401 2391 1865 2468 probabiliter
1916 2397 2021 2453 est
2066 2392 2135 2452 in
2168 2389 2403 2465 XXIV,
2460 2394 2578 2451 192
2614 2384 3270 2473 (Iose'phfurentem),

571 2496 854 2567 Nomen,
905 2493 1092 2571 quod
1141 2496 1422 2556 tertium
1458 2496 1833 2571 attulimus,
1881 2492 2195 2571 Iov-dania
2244 2498 2402 2572 quia
2450 2494 2724 2557 duobus
2769 2493 2945 2555 locis
2980 2492 3118 2571 (VI,
3154 2495 3265 2552 26:

575 2598 765 2679 Perye
839 2596 1036 2679 iyitur
1095 2605 1357 2659 sanctus
1393 2599 1560 2680 puri
1602 2596 1904 2659 Iordanis
1949 2596 2035 2657 ad
2080 2596 2288 2659 undas
2334 2605 2399 2660 et
2447 2598 2719 2673 XXVII,
2790 2605 2903 2660 48:
2976 2592 3274 2657 Iordanis

570 2700 898 2784 trepidans
963 2698 1123 2761 lavit
1184 2702 1498 2784 tinguente
1561 2699 1832 2781 Ioanne)
1882 2704 2225 2783 permissa
2291 2704 2588 2784 synizesi
2638 2707 2963 2777 occurrit,
3029 2701 3269 2763 eodem

579 2808 784 2869 modo
831 2808 904 2868 in
952 2806 1222 2883 XXVII,
1273 2816 1391 2867 519
1445 2804 1623 2887 (Quo
1673 2805 1833 2867 duce
1882 2805 2183 2869 Iordanis
2228 2856 2241 2871 .
2291 2808 2339 2889 .)
2388 2808 2853 2888 pronuntiem.

781 2912 861 2972 In
937 2910 1181 2971 mediis
1260 2929 1536 2989 quoque
1613 2913 1845 2974 verbis
1909 2913 2187 2975 vocales
2253 2912 2587 2974 Paulinus
2654 2914 2933 2992 saepius
3010 2910 3277 2973 diducit

576 3034 780 3095 quam
813 3015 1180 3076 contrahit.
1228 3013 1485 3076 Scribit
1519 3016 1732 3078 enim:
1787 3013 2035 3075 Μοεόῖα
2068 3016 2329 3095 (XXVI,
2366 3018 2549 3095 356);
2586 3012 2752 3076 Saitl
2782 3017 3045 3095 (XXIV,
3088 3017 3271 3092 509„

583 3118 749 3180 Cc'z-'in
797 3119 1031 3198 (XVII,
1082 3119 1270 3196 234);
1348 3116 1640 3201 Cybeleia
1689 3122 1892 3198 (XIX,
1962 3122 2103 3199 87);
2168 3118 2505 3181 ΑνοῘιείαἳε
2553 3122 2753 3199 (XVI,
2820 3124 2973 3199 265)
3042 3128 3109 3183 et
3158 3138 3278 3199 op—

580 3227 907 3289 timorum
955 3226 1316 3302 poetarum
1363 3225 1683 3304 exemplo
1735 3225 1846 3302 (cf.
1894 3226 2216 3303 Mueller„
2264 3245 2329 3305 p.
2381 3229 2528 3304 309)
2578 3223 2847 3286 Sam-ius
2894 3226 3098 3303 (XXI,
3150 3226 3279 3303 62).

579 3332 816 3409 Neque
883 3336 1110 3390 tamen
1161 3329 1445 3391 omnino
1495 3331 2043 3393 contractionem
2100 3331 2382 3409 sprevit,
2447 3336 2523 3393 ut
2568 3332 2803 3409 XXVI,
2874 3338 2993 3391 195
3043 3310 3279 3391 Erit-{ae

581 3438 648 3497 in
697 3440 990 3496 exeunte
1039 3450 1250 3494 versu
1299 3438 1622 3513 positum.

789 3537 1103 3616 Denique
1151 3538 1236 3599 ad
1285 3539 1562 3600 tertiam
1610 3540 2109 3602 contractionis
2156 3540 2502 3601 rationem
2567 3546 3019 3616 transeamuS,
3084 3545 3282 3605 cuius

587 3644 946 3723 complura
992 3642 1310 3721 exempla
1356 3643 1493 3705 iam
1542 3643 2055 3722 proposuimus

793 3748 1102 3809 Primam
1169 3747 1673 3825 diphthongum
1740 3748 1802 3806 ei
1874 3750 2409 3811 consideremus
2503 3750 2791 3812 Duobus
2869 3753 3035 3813 solis
3112 3752 3285 3814 locis

585 3853 853 3929 XXVII,
903 3854 981 3911 45
1033 3858 1099 3911 et
1147 3858 1269 3911 424
1319 3852 1620 3913 diductis
1669 3853 2029 3915 vocalibus
2072 3854 2423 3933 reperitur
2457 3851 2713 3931 demde,-
2758 3857 3079 3934 plurimis
3116 3876 3283 3920 vero

585 3960 753 4019 locis
803 3956 940 4034 (VI,
1015 3962 1168 4031 117;
1235 3957 1374 4027 XV,
1428 3963 1583 4032 3543
1653 3958 1827 4024 XVI,
1884 3965 1991 4034 19;
2060 3960 2236 4033 XIX,
2286 3963 2441 4034 217;
2511 3960 2650 4021 XX.
2702 3961 2852 4037 323)
2902 3962 3283 4025 secundum

587 4063 958 4141 pristinum
990 4078 1381 4123 sermonem
1416 4062 1692 4123 vocales
1727 4062 1799 4123 in
1849 4063 2357 4141 diphthongum
2410 4066 2822 4128 coalescunt.
2882 4065 3099 4137 Quem
3148 4087 3289 4130 ser—

587 4168 814 4227 monis
848 4182 1048 4227 usum
1083 4165 1290 4227 etiam
1338 4166 1408 4227 in
1457 4166 1835 4227 verborum
1871 4168 2294 4230 Graecorum
2345 4170 2687 4244 genetivo,
2739 4172 2857 4247 qui
2906 4172 2977 4231 in
3023 4171 3085 4230 ei
3128 4172 3288 4249 exit,

589 4271 918 4333 observat
965 4270 1202 4346 (XXII,
1250 4276 1328 4328 45
1381 4251 1777 4349 Prometkfff).

799 4372 1107 4437 Eandem
1157 4376 1704 4438 contractionem
1754 4379 1825 4437 in
1876 4379 2107 4439 vorbis
2158 4379 2427 4439 Latinis
2495 4380 2904 4455 permissam
2972 4398 3121 4442 csse
3188 4384 3288 4443 in-

592 4480 940 4555 vammum
1011 4496 1172 4541 nam
1239 4482 1392 4541 1000
1451 4481 1663 4544 iambi
1715 4464 1849 4541 (1ῐᾶ
1913 4485 2013 4561 (ν,
2077 4487 2188 4557 723
2260 4484 2429 4558 xlv,
2503 4485 2608 4560 ⁶7)
2674 4492 2743 4543 et
2798 4463 2962 4566 fide?
3024 4486 3290 4566 (XXIV,

590 4592 738 4658 455,
791 4585 940 4662 680)
989 4586 1213 4663 posita
1262 4590 1440 4648 sunt.

800 4690 1143 4761 Quoniam
1208 4691 1293 4752 dc
1361 4692 1598 4753 dativo
1646 4694 2143 4772 pronominum
2212 4690 2314 4752 cvi
2361 4700 2428 4754 et
2492 4691 2636 4751 huic
2686 4712 2899 4773 supra
2966 4696 3065 4771 (in
3112 4716 3175 4774 p.
3226 4700 3291 4773 6)

595 4796 1122 4872 disputavimus,
1171 4796 1301 4857 hoc
1349 4797 1501 4857 loco
1537 4798 2027 4859 considerandi
2066 4816 2212 4859 esse
2262 4798 2587 4860 videntur
2620 4799 2746 4859 soli
2796 4800 3101 4878 genetivi
3136 4799 3293 4873 eius,
