<?xml version="1.0" encoding="UTF-8"?>
<!DOCTYPE html PUBLIC "-//W3C//DTD XHTML 1.0 Transitional//EN"
    "http://www.w3.org/TR/xhtml1/DTD/xhtml1-transitional.dtd">
<html xmlns="http://www.w3.org/1999/xhtml" xml:lang="en" lang="en">
 <head>
  <title>
</title>
<meta http-equiv="Content-Type" content="text/html;charset=utf-8" />
  <meta name='ocr-system' content='tesseract 3.04.00' />
  <meta name='ocr-capabilities' content='ocr_page ocr_carea ocr_par ocr_line ocrx_word'/>
</head>
<body>
  <div class='ocr_page' id='page_1' title='image "./dissertationesp09wiengoog_0225.png"; bbox 0 0 3567 5109; ppageno 0'>
   <div class='ocr_carea' id='block_1_1' title="bbox 1471 311 1913 372">
    <p class='ocr_par' dir='ltr' id='par_1_1' title="bbox 1471 311 1913 372">
     <span class='ocr_line' id='line_1_1' title="bbox 1471 311 1913 372; baseline -0.002 -17"><span class='ocrx_word' id='word_1_1' title='bbox 1471 311 1913 372; x_wconf 55' lang='lat'>„11-</span> 
     </span>
    </p>
   </div>
   <div class='ocr_carea' id='block_1_2' title="bbox 326 508 3060 817">
    <p class='ocr_par' dir='ltr' id='par_1_2' title="bbox 326 508 3060 817">
     <span class='ocr_line' id='line_1_2' title="bbox 328 508 3060 605; baseline -0.002 -19"><span class='ocrx_word' id='word_1_2' title='bbox 328 508 576 601; x_wconf 79' lang='lat' dir='ltr'>cordia,</span> <span class='ocrx_word' id='word_1_3' title='bbox 642 523 711 586; x_wconf 90' lang='lat' dir='ltr'>in</span> <span class='ocrx_word' id='word_1_4' title='bbox 762 544 893 605; x_wconf 85' lang='lat' dir='ltr'>qua</span> <span class='ocrx_word' id='word_1_5' title='bbox 943 527 1247 585; x_wconf 83' lang='lat' dir='ltr'>constare</span> <span class='ocrx_word' id='word_1_6' title='bbox 1294 541 1581 585; x_wconf 89' lang='lat' dir='ltr'>amorem</span> <span class='ocrx_word' id='word_1_7' title='bbox 1642 526 1707 584; x_wconf 87' lang='lat' dir='ltr'>et</span> <span class='ocrx_word' id='word_1_8' title='bbox 1751 520 2127 583; x_wconf 76' lang='lat' dir='ltr'>amicitiam.</span> <span class='ocrx_word' id='word_1_9' title='bbox 2197 558 2280 564; x_wconf 94' lang='lat'><strong>—</strong></span> <span class='ocrx_word' id='word_1_10' title='bbox 2349 519 2600 582; x_wconf 88' lang='lat' dir='ltr'>Iterum</span> <span class='ocrx_word' id='word_1_11' title='bbox 2649 517 3060 583; x_wconf 80' lang='lat' dir='ltr'>adulescenti</span> 
     </span>
     <span class='ocr_line' id='line_1_3' title="bbox 328 624 3058 707; baseline -0.003 -12"><span class='ocrx_word' id='word_1_12' title='bbox 328 629 771 695; x_wconf 88' lang='lat' dir='ltr'>confitendum</span> <span class='ocrx_word' id='word_1_13' title='bbox 803 636 901 694; x_wconf 92' lang='lat' dir='ltr'>est</span> <span class='ocrx_word' id='word_1_14' title='bbox 932 650 1000 691; x_wconf 85' lang='lat' dir='ltr'>se</span> <span class='ocrx_word' id='word_1_15' title='bbox 1028 627 1195 692; x_wconf 89' lang='lat' dir='ltr'>nihil</span> <span class='ocrx_word' id='word_1_16' title='bbox 1224 629 1411 707; x_wconf 88' lang='lat' dir='ltr'>scire,</span> <span class='ocrx_word' id='word_1_17' title='bbox 1452 626 1567 691; x_wconf 87' lang='lat' dir='ltr'>sed</span> <span class='ocrx_word' id='word_1_18' title='bbox 1597 628 1853 691; x_wconf 81' lang='lat' dir='ltr'>tristem</span> <span class='ocrx_word' id='word_1_19' title='bbox 1885 626 2194 691; x_wconf 84' lang='lat' dir='ltr'>Socrates</span> <span class='ocrx_word' id='word_1_20' title='bbox 2235 625 2616 691; x_wconf 88' lang='lat' dir='ltr'>consolatur</span> <span class='ocrx_word' id='word_1_21' title='bbox 2654 624 3058 703; x_wconf 73' lang='lat' dir='ltr'>cohortatuS,</span> 
     </span>
     <span class='ocr_line' id='line_1_4' title="bbox 326 733 2508 817; baseline -0.002 -16"><span class='ocrx_word' id='word_1_22' title='bbox 326 744 401 801; x_wconf 87' lang='lat' dir='ltr'>ut</span> <span class='ocrx_word' id='word_1_23' title='bbox 446 736 573 801; x_wconf 89' lang='lat' dir='ltr'>sibi</span> <span class='ocrx_word' id='word_1_24' title='bbox 622 734 927 800; x_wconf 84' lang='lat' dir='ltr'>consulat</span> <span class='ocrx_word' id='word_1_25' title='bbox 972 741 1056 814; x_wconf 85' lang='lat' dir='ltr'>et,</span> <span class='ocrx_word' id='word_1_26' title='bbox 1107 736 1261 803; x_wconf 88' lang='lat' dir='ltr'>dum</span> <span class='ocrx_word' id='word_1_27' title='bbox 1308 740 1566 817; x_wconf 88' lang='lat' dir='ltr'>tempus</span> <span class='ocrx_word' id='word_1_28' title='bbox 1606 736 1711 813; x_wconf 87' lang='lat' dir='ltr'>sit,</span> <span class='ocrx_word' id='word_1_29' title='bbox 1762 734 2132 798; x_wconf 84' lang='lat' dir='ltr'>necessaria</span> <span class='ocrx_word' id='word_1_30' title='bbox 2185 733 2508 798; x_wconf 84' lang='lat' dir='ltr'>addiscat.</span> 
     </span>
    </p>
   </div>
   <div class='ocr_carea' id='block_1_3' title="bbox 328 871 3055 995">
    <p class='ocr_par' dir='ltr' id='par_1_3' title="bbox 328 871 3055 995">
     <span class='ocr_line' id='line_1_5' title="bbox 328 871 3055 995; baseline -0.003 -15"><span class='ocrx_word' id='word_1_31' title='bbox 328 918 421 980; x_wconf 86' lang='lat' dir='ltr'>II.</span> <span class='ocrx_word' id='word_1_32' title='bbox 460 916 710 981; x_wconf 86' lang='lat' dir='ltr'><strong>Homo</strong></span> <span class='ocrx_word' id='word_1_33' title='bbox 744 915 895 979; x_wconf 89' lang='lat' dir='ltr'>sibi</span> <span class='ocrx_word' id='word_1_34' title='bbox 927 914 1294 993; x_wconf 82' lang='lat' dir='ltr'>consulit,</span> <span class='ocrx_word' id='word_1_35' title='bbox 1335 915 1401 977; x_wconf 90' lang='lat' dir='ltr'>si</span> <span class='ocrx_word' id='word_1_36' title='bbox 1440 914 1779 977; x_wconf 88' lang='lat' dir='ltr'>animum</span> <span class='ocrx_word' id='word_1_37' title='bbox 1821 934 2034 976; x_wconf 85' lang='lat' dir='ltr'>suum</span> <span class='ocrx_word' id='word_1_38' title='bbox 2068 912 2437 995; x_wconf 86' lang='lat' dir='ltr'>cognovit</span> <span class='ocrx_word' id='word_1_39' title='bbox 2463 871 3055 993; x_wconf 62' lang='lat' dir='ltr'>(127E—132B).</span> 
     </span>
    </p>
   </div>
   <div class='ocr_carea' id='block_1_4' title="bbox 324 1054 3056 1785">
    <p class='ocr_par' dir='ltr' id='par_1_4' title="bbox 324 1054 3056 1785">
     <span class='ocr_line' id='line_1_6' title="bbox 544 1054 3055 1143; baseline -0.003 -20"><span class='ocrx_word' id='word_1_40' title='bbox 544 1058 720 1143; x_wconf 84' lang='lat' dir='ltr'>Quid</span> <span class='ocrx_word' id='word_1_41' title='bbox 769 1067 867 1123; x_wconf 89' lang='lat' dir='ltr'>est</span> <span class='ocrx_word' id='word_1_42' title='bbox 914 1058 1041 1122; x_wconf 90' lang='lat' dir='ltr'>sibi</span> <span class='ocrx_word' id='word_1_43' title='bbox 1090 1056 1476 1121; x_wconf 81' lang='lat' dir='ltr'>consulere?</span> <span class='ocrx_word' id='word_1_44' title='bbox 1570 1056 1792 1120; x_wconf 88' lang='lat' dir='ltr'>Homo</span> <span class='ocrx_word' id='word_1_45' title='bbox 1851 1054 1978 1119; x_wconf 89' lang='lat' dir='ltr'>sibi</span> <span class='ocrx_word' id='word_1_46' title='bbox 2025 1076 2162 1119; x_wconf 88' lang='lat' dir='ltr'>non</span> <span class='ocrx_word' id='word_1_47' title='bbox 2212 1054 2498 1119; x_wconf 89' lang='lat' dir='ltr'>consulit</span> <span class='ocrx_word' id='word_1_48' title='bbox 2543 1054 2914 1136; x_wconf 69' lang='lat' dir='ltr'>providem,</span> <span class='ocrx_word' id='word_1_49' title='bbox 2963 1061 3055 1131; x_wconf 89' lang='lat' dir='ltr'>ut,</span> 
     </span>
     <span class='ocr_line' id='line_1_7' title="bbox 329 1158 3055 1249; baseline -0.003 -19"><span class='ocrx_word' id='word_1_50' title='bbox 329 1186 499 1249; x_wconf 84' lang='lat' dir='ltr'>quae</span> <span class='ocrx_word' id='word_1_51' title='bbox 528 1165 935 1248; x_wconf 85' lang='lat' dir='ltr'>singulorum</span> <span class='ocrx_word' id='word_1_52' title='bbox 974 1163 1413 1228; x_wconf 84' lang='lat' dir='ltr'>membrorum</span> <span class='ocrx_word' id='word_1_53' title='bbox 1450 1163 1723 1245; x_wconf 87' lang='lat' dir='ltr'>propria</span> <span class='ocrx_word' id='word_1_54' title='bbox 1762 1162 1913 1241; x_wconf 88' lang='lat' dir='ltr'>sint,</span> <span class='ocrx_word' id='word_1_55' title='bbox 1955 1160 2198 1240; x_wconf 84' lang='lat' dir='ltr'>adsint,</span> <span class='ocrx_word' id='word_1_56' title='bbox 2238 1160 2441 1224; x_wconf 80' lang='lat' dir='ltr'>veluti</span> <span class='ocrx_word' id='word_1_57' title='bbox 2479 1167 2552 1223; x_wconf 89' lang='lat' dir='ltr'>ut</span> <span class='ocrx_word' id='word_1_58' title='bbox 2581 1160 2770 1243; x_wconf 86' lang='lat' dir='ltr'>digiti</span> <span class='ocrx_word' id='word_1_59' title='bbox 2799 1158 3055 1237; x_wconf 76' lang='lat' dir='ltr'>anuIOS,</span> 
     </span>
     <span class='ocr_line' id='line_1_8' title="bbox 328 1267 3052 1356; baseline -0.003 -18"><span class='ocrx_word' id='word_1_60' title='bbox 328 1273 527 1356; x_wconf 87' lang='lat' dir='ltr'>pedes</span> <span class='ocrx_word' id='word_1_61' title='bbox 578 1272 1027 1337; x_wconf 84' lang='lat' dir='ltr'>calceamenta</span> <span class='ocrx_word' id='word_1_62' title='bbox 1071 1270 1383 1335; x_wconf 88' lang='lat' dir='ltr'>habeant.</span> <span class='ocrx_word' id='word_1_63' title='bbox 1458 1269 1614 1333; x_wconf 86' lang='lat' dir='ltr'>Alia</span> <span class='ocrx_word' id='word_1_64' title='bbox 1664 1268 1958 1333; x_wconf 89' lang='lat' dir='ltr'>membra</span> <span class='ocrx_word' id='word_1_65' title='bbox 2007 1269 2299 1350; x_wconf 87' lang='lat' dir='ltr'>corporis</span> <span class='ocrx_word' id='word_1_66' title='bbox 2347 1267 2480 1332; x_wconf 89' lang='lat' dir='ltr'>alia</span> <span class='ocrx_word' id='word_1_67' title='bbox 2528 1273 2669 1331; x_wconf 85' lang='lat' dir='ltr'>arte</span> <span class='ocrx_word' id='word_1_68' title='bbox 2717 1288 3052 1342; x_wconf 80' lang='lat' dir='ltr'>curamus3</span> 
     </span>
     <span class='ocr_line' id='line_1_9' title="bbox 326 1374 3056 1461; baseline -0.003 -16"><span class='ocrx_word' id='word_1_69' title='bbox 326 1380 451 1445; x_wconf 80' lang='lat' dir='ltr'>alia</span> <span class='ocrx_word' id='word_1_70' title='bbox 504 1386 645 1443; x_wconf 86' lang='lat' dir='ltr'>arte</span> <span class='ocrx_word' id='word_1_71' title='bbox 691 1377 883 1442; x_wconf 87' lang='lat' dir='ltr'>nobis</span> <span class='ocrx_word' id='word_1_72' title='bbox 928 1378 1092 1461; x_wconf 88' lang='lat' dir='ltr'>ipsis</span> <span class='ocrx_word' id='word_1_73' title='bbox 1139 1377 1580 1459; x_wconf 80' lang='lat' dir='ltr'>providemus,</span> <span class='ocrx_word' id='word_1_74' title='bbox 1628 1375 1757 1441; x_wconf 85' lang='lat' dir='ltr'>alia</span> <span class='ocrx_word' id='word_1_75' title='bbox 1807 1376 1909 1453; x_wconf 83' lang='lat' dir='ltr'>iis,</span> <span class='ocrx_word' id='word_1_76' title='bbox 1960 1396 2128 1458; x_wconf 89' lang='lat' dir='ltr'>quae</span> <span class='ocrx_word' id='word_1_77' title='bbox 2176 1381 2404 1439; x_wconf 88' lang='lat' dir='ltr'>nostra</span> <span class='ocrx_word' id='word_1_78' title='bbox 2451 1381 2634 1453; x_wconf 71' lang='lat' dir='ltr'>sunt,</span> <span class='ocrx_word' id='word_1_79' title='bbox 2681 1394 2818 1438; x_wconf 91' lang='lat' dir='ltr'>non</span> <span class='ocrx_word' id='word_1_80' title='bbox 2853 1374 3056 1457; x_wconf 86' lang='lat' dir='ltr'>igitur</span> 
     </span>
     <span class='ocr_line' id='line_1_10' title="bbox 325 1480 3056 1567; baseline -0.003 -16"><span class='ocrx_word' id='word_1_81' title='bbox 325 1492 424 1551; x_wconf 87' lang='lat' dir='ltr'>est</span> <span class='ocrx_word' id='word_1_82' title='bbox 468 1487 640 1550; x_wconf 88' lang='lat' dir='ltr'>idem</span> <span class='ocrx_word' id='word_1_83' title='bbox 686 1489 913 1551; x_wconf 79' lang='grc' dir='ltr'><em>ἑαυτοῦ</em></span> <span class='ocrx_word' id='word_1_84' title='bbox 960 1486 1382 1567; x_wconf 73' lang='grc' dir='ltr'><strong><em>ἐπιμελεῖσθαι</em></strong></span> <span class='ocrx_word' id='word_1_85' title='bbox 1430 1488 1495 1547; x_wconf 82' lang='lat' dir='ltr'>et</span> <span class='ocrx_word' id='word_1_86' title='bbox 1540 1490 1669 1547; x_wconf 84' lang='grc' dir='ltr'>τῶν</span> <span class='ocrx_word' id='word_1_87' title='bbox 1714 1486 1941 1547; x_wconf 79' lang='grc' dir='ltr'><em>ἑαυτοῦ</em></span> <span class='ocrx_word' id='word_1_88' title='bbox 1989 1484 2428 1565; x_wconf 72' lang='grc' dir='ltr'><strong><em>ἐπιμελεῖσθαι.</em></strong></span> <span class='ocrx_word' id='word_1_89' title='bbox 2491 1480 2677 1565; x_wconf 78' lang='lat' dir='ltr'>Quae</span> <span class='ocrx_word' id='word_1_90' title='bbox 2719 1488 2819 1545; x_wconf 86' lang='lat' dir='ltr'>est</span> <span class='ocrx_word' id='word_1_91' title='bbox 2855 1481 3056 1562; x_wconf 79' lang='lat' dir='ltr'>igitur</span> 
     </span>
     <span class='ocr_line' id='line_1_11' title="bbox 324 1588 3054 1676; baseline -0.002 -19"><span class='ocrx_word' id='word_1_92' title='bbox 324 1594 434 1659; x_wconf 80' lang='lat' dir='ltr'>illa</span> <span class='ocrx_word' id='word_1_93' title='bbox 494 1616 622 1671; x_wconf 75' lang='lat' dir='ltr'>are,</span> <span class='ocrx_word' id='word_1_94' title='bbox 692 1614 823 1676; x_wconf 91' lang='lat' dir='ltr'>qua</span> <span class='ocrx_word' id='word_1_95' title='bbox 878 1590 1070 1655; x_wconf 90' lang='lat' dir='ltr'>nobis</span> <span class='ocrx_word' id='word_1_96' title='bbox 1124 1592 1286 1673; x_wconf 87' lang='lat' dir='ltr'>ipsis</span> <span class='ocrx_word' id='word_1_97' title='bbox 1342 1589 1788 1654; x_wconf 75' lang='lat' dir='ltr'>consulimus?</span> <span class='ocrx_word' id='word_1_98' title='bbox 1881 1589 1974 1655; x_wconf 91' lang='lat' dir='ltr'>Ut</span> <span class='ocrx_word' id='word_1_99' title='bbox 2029 1610 2164 1653; x_wconf 89' lang='lat' dir='ltr'>rem</span> <span class='ocrx_word' id='word_1_100' title='bbox 2212 1588 2552 1653; x_wconf 88' lang='lat' dir='ltr'>meliorem</span> <span class='ocrx_word' id='word_1_101' title='bbox 2597 1588 2872 1653; x_wconf 88' lang='lat' dir='ltr'>reddere</span> <span class='ocrx_word' id='word_1_102' title='bbox 2919 1609 3054 1651; x_wconf 89' lang='lat' dir='ltr'>non</span> 
     </span>
     <span class='ocr_line' id='line_1_12' title="bbox 327 1693 3054 1785; baseline -0.003 -20"><span class='ocrx_word' id='word_1_103' title='bbox 327 1722 692 1785; x_wconf 87' lang='lat' dir='ltr'>possumus,</span> <span class='ocrx_word' id='word_1_104' title='bbox 748 1722 945 1783; x_wconf 82' lang='lat' dir='ltr'>quam</span> <span class='ocrx_word' id='word_1_105' title='bbox 1000 1720 1133 1763; x_wconf 87' lang='grc'>11011</span> <span class='ocrx_word' id='word_1_106' title='bbox 1190 1699 1509 1776; x_wconf 78' lang='lat' dir='ltr'>novimuS,</span> <span class='ocrx_word' id='word_1_107' title='bbox 1555 1698 1651 1761; x_wconf 86' lang='lat' dir='ltr'>ita</span> <span class='ocrx_word' id='word_1_108' title='bbox 1682 1718 1910 1779; x_wconf 81' lang='lat' dir='ltr'>neque</span> <span class='ocrx_word' id='word_1_109' title='bbox 1967 1718 2090 1759; x_wconf 87' lang='lat' dir='ltr'>nos</span> <span class='ocrx_word' id='word_1_110' title='bbox 2137 1696 2334 1778; x_wconf 89' lang='lat' dir='ltr'>ipsos.</span> <span class='ocrx_word' id='word_1_111' title='bbox 2431 1693 2672 1778; x_wconf 78' lang='lat' dir='ltr'>Quare,</span> <span class='ocrx_word' id='word_1_112' title='bbox 2723 1694 2882 1777; x_wconf 88' lang='lat' dir='ltr'>quid</span> <span class='ocrx_word' id='word_1_113' title='bbox 2926 1695 3054 1777; x_wconf 90' lang='lat' dir='ltr'>ipsi</span> 
     </span>
    </p>
   </div>
   <div class='ocr_carea' id='block_1_5' title="bbox 326 1811 2369 1997">
    <p class='ocr_par' dir='ltr' id='par_1_5' title="bbox 326 1811 2369 1997">
     <span class='ocr_line' id='line_1_13' title="bbox 326 1811 1392 1890; baseline -0.003 -19"><span class='ocrx_word' id='word_1_114' title='bbox 326 1811 547 1887; x_wconf 79' lang='lat' dir='ltr'>simus,</span> <span class='ocrx_word' id='word_1_115' title='bbox 598 1828 911 1890; x_wconf 87' lang='lat' dir='ltr'>quaerere</span> <span class='ocrx_word' id='word_1_116' title='bbox 956 1826 1225 1870; x_wconf 85' lang='lat' dir='ltr'>necesse</span> <span class='ocrx_word' id='word_1_117' title='bbox 1275 1812 1392 1869; x_wconf 88' lang='lat' dir='ltr'>est.</span> 
     </span>
     <span class='ocr_line' id='line_1_14' title="bbox 538 1910 2369 1997; baseline -0.004 -18"><span class='ocrx_word' id='word_1_118' title='bbox 538 1915 649 1979; x_wconf 87' lang='lat' dir='ltr'>Ad</span> <span class='ocrx_word' id='word_1_119' title='bbox 700 1934 893 1997; x_wconf 90' lang='lat' dir='ltr'>quem</span> <span class='ocrx_word' id='word_1_120' title='bbox 940 1912 1136 1975; x_wconf 87' lang='lat' dir='ltr'>finem</span> <span class='ocrx_word' id='word_1_121' title='bbox 1185 1910 1492 1975; x_wconf 84' lang='lat' dir='ltr'>Socrates</span> <span class='ocrx_word' id='word_1_122' title='bbox 1537 1912 1709 1975; x_wconf 89' lang='lat' dir='ltr'>hanc</span> <span class='ocrx_word' id='word_1_123' title='bbox 1760 1912 1928 1974; x_wconf 81' lang='lat' dir='ltr'>viam</span> <span class='ocrx_word' id='word_1_124' title='bbox 1975 1910 2369 1991; x_wconf 85' lang='lat' dir='ltr'>ingreditur:</span> 
     </span>
    </p>
   </div>
   <div class='ocr_carea' id='block_1_6' title="bbox 324 2015 3054 3898">
    <p class='ocr_par' dir='ltr' id='par_1_6' title="bbox 324 2015 3054 3898">
     <span class='ocr_line' id='line_1_15' title="bbox 544 2015 3054 2102; baseline -0.004 -17"><span class='ocrx_word' id='word_1_125' title='bbox 544 2020 851 2085; x_wconf 85' lang='lat' dir='ltr'>Socrates</span> <span class='ocrx_word' id='word_1_126' title='bbox 896 2018 1211 2102; x_wconf 89' lang='lat' dir='ltr'>loquitur,</span> <span class='ocrx_word' id='word_1_127' title='bbox 1259 2017 1539 2102; x_wconf 89' lang='lat' dir='ltr'>loquens</span> <span class='ocrx_word' id='word_1_128' title='bbox 1585 2017 1809 2101; x_wconf 83' lang='lat' dir='ltr'>lingua</span> <span class='ocrx_word' id='word_1_129' title='bbox 1861 2018 2094 2097; x_wconf 81' lang='lat' dir='ltr'>utitur3</span> <span class='ocrx_word' id='word_1_130' title='bbox 2144 2017 2199 2079; x_wconf 89' lang='lat' dir='ltr'>is</span> <span class='ocrx_word' id='word_1_131' title='bbox 2248 2018 2359 2101; x_wconf 90' lang='lat' dir='ltr'>qui</span> <span class='ocrx_word' id='word_1_132' title='bbox 2398 2016 2711 2099; x_wconf 90' lang='lat' dir='ltr'>loquitur,</span> <span class='ocrx_word' id='word_1_133' title='bbox 2762 2015 3054 2079; x_wconf 75' lang='lat' dir='ltr'>diversus</span> 
     </span>
     <span class='ocr_line' id='line_1_16' title="bbox 328 2120 3054 2209; baseline -0.003 -16"><span class='ocrx_word' id='word_1_134' title='bbox 328 2136 427 2193; x_wconf 87' lang='lat' dir='ltr'>est</span> <span class='ocrx_word' id='word_1_135' title='bbox 495 2128 578 2193; x_wconf 92' lang='lat' dir='ltr'>ab</span> <span class='ocrx_word' id='word_1_136' title='bbox 645 2150 723 2192; x_wconf 87' lang='lat' dir='ltr'>ea</span> <span class='ocrx_word' id='word_1_137' title='bbox 790 2150 877 2205; x_wconf 85' lang='lat' dir='ltr'>re,</span> <span class='ocrx_word' id='word_1_138' title='bbox 946 2148 1079 2209; x_wconf 84' lang='lat' dir='ltr'>qua</span> <span class='ocrx_word' id='word_1_139' title='bbox 1139 2126 1361 2191; x_wconf 86' lang='lat' dir='ltr'>utitur.</span> <span class='ocrx_word' id='word_1_140' title='bbox 1454 2125 1676 2190; x_wconf 89' lang='lat' dir='ltr'>Homo</span> <span class='ocrx_word' id='word_1_141' title='bbox 1731 2132 1874 2189; x_wconf 89' lang='lat' dir='ltr'>toto</span> <span class='ocrx_word' id='word_1_142' title='bbox 1932 2145 2206 2206; x_wconf 88' lang='lat' dir='ltr'>corpore</span> <span class='ocrx_word' id='word_1_143' title='bbox 2252 2124 2480 2202; x_wconf 89' lang='lat' dir='ltr'>utitur,</span> <span class='ocrx_word' id='word_1_144' title='bbox 2547 2122 2714 2206; x_wconf 85' lang='lat' dir='ltr'>ergo&#39;</span> <span class='ocrx_word' id='word_1_145' title='bbox 2751 2120 2970 2186; x_wconf 84' lang='lat' dir='ltr'>differt</span> <span class='ocrx_word' id='word_1_146' title='bbox 3013 2144 3054 2185; x_wconf 86' lang='lat' dir='ltr'>a</span> 
     </span>
     <span class='ocr_line' id='line_1_17' title="bbox 329 2229 3050 2319; baseline -0.003 -19"><span class='ocrx_word' id='word_1_147' title='bbox 329 2257 621 2319; x_wconf 81' lang='lat' dir='ltr'>corpore,</span> <span class='ocrx_word' id='word_1_148' title='bbox 672 2242 745 2299; x_wconf 82' lang='lat' dir='ltr'>ut</span> <span class='ocrx_word' id='word_1_149' title='bbox 790 2241 974 2299; x_wconf 89' lang='lat' dir='ltr'>sutor</span> <span class='ocrx_word' id='word_1_150' title='bbox 1020 2234 1313 2297; x_wconf 85' lang='lat' dir='ltr'>diversus</span> <span class='ocrx_word' id='word_1_151' title='bbox 1360 2240 1459 2297; x_wconf 89' lang='lat' dir='ltr'>est</span> <span class='ocrx_word' id='word_1_152' title='bbox 1504 2255 1545 2296; x_wconf 93' lang='lat' dir='ltr'>a</span> <span class='ocrx_word' id='word_1_153' title='bbox 1593 2231 1875 2314; x_wconf 85' lang='lat' dir='ltr'>scalpro,</span> <span class='ocrx_word' id='word_1_154' title='bbox 1927 2253 2057 2314; x_wconf 86' lang='lat' dir='ltr'>quo</span> <span class='ocrx_word' id='word_1_155' title='bbox 2105 2232 2330 2295; x_wconf 85' lang='lat' dir='ltr'>utitur.</span> <span class='ocrx_word' id='word_1_156' title='bbox 2409 2229 2542 2294; x_wconf 88' lang='lat' dir='ltr'>Sed</span> <span class='ocrx_word' id='word_1_157' title='bbox 2589 2252 2735 2293; x_wconf 88' lang='lat' dir='ltr'>cum</span> <span class='ocrx_word' id='word_1_158' title='bbox 2783 2248 3050 2293; x_wconf 87' lang='lat' dir='ltr'>necesse</span> 
     </span>
     <span class='ocr_line' id='line_1_18' title="bbox 327 2338 3050 2423; baseline -0.003 -18"><span class='ocrx_word' id='word_1_159' title='bbox 327 2346 415 2407; x_wconf 86' lang='lat' dir='ltr'>sit</span> <span class='ocrx_word' id='word_1_160' title='bbox 477 2343 805 2407; x_wconf 86' lang='lat' dir='ltr'>hominem</span> <span class='ocrx_word' id='word_1_161' title='bbox 870 2347 986 2405; x_wconf 85' lang='lat' dir='ltr'>aut</span> <span class='ocrx_word' id='word_1_162' title='bbox 1052 2361 1287 2423; x_wconf 85' lang='lat' dir='ltr'>corpus</span> <span class='ocrx_word' id='word_1_163' title='bbox 1348 2360 1488 2403; x_wconf 90' lang='lat' dir='ltr'>esse</span> <span class='ocrx_word' id='word_1_164' title='bbox 1545 2345 1662 2403; x_wconf 85' lang='lat' dir='ltr'>aut</span> <span class='ocrx_word' id='word_1_165' title='bbox 1706 2340 1996 2403; x_wconf 87' lang='lat' dir='ltr'>animum</span> <span class='ocrx_word' id='word_1_166' title='bbox 2043 2344 2161 2402; x_wconf 82' lang='lat' dir='ltr'>aut</span> <span class='ocrx_word' id='word_1_167' title='bbox 2206 2346 2557 2420; x_wconf 88' lang='lat' dir='ltr'>utrumque</span> <span class='ocrx_word' id='word_1_168' title='bbox 2606 2338 3050 2408; x_wconf 88' lang='lat' dir='ltr'>coniunctum,</span> 
     </span>
     <span class='ocr_line' id='line_1_19' title="bbox 328 2445 3052 2532; baseline -0.004 -18"><span class='ocrx_word' id='word_1_169' title='bbox 328 2472 567 2532; x_wconf 85' lang='lat' dir='ltr'>corpus</span> <span class='ocrx_word' id='word_1_170' title='bbox 614 2456 832 2513; x_wconf 88' lang='lat' dir='ltr'>autem</span> <span class='ocrx_word' id='word_1_171' title='bbox 882 2468 1021 2511; x_wconf 81' lang='lat' dir='ltr'>esse</span> <span class='ocrx_word' id='word_1_172' title='bbox 1068 2468 1203 2511; x_wconf 88' lang='lat' dir='ltr'>non</span> <span class='ocrx_word' id='word_1_173' title='bbox 1250 2447 1479 2529; x_wconf 82' lang='lat' dir='ltr'>possit,</span> <span class='ocrx_word' id='word_1_174' title='bbox 1539 2446 1717 2529; x_wconf 87' lang='lat' dir='ltr'>quod</span> <span class='ocrx_word' id='word_1_175' title='bbox 1764 2445 2030 2509; x_wconf 84' lang='lat' dir='ltr'>servitio</span> <span class='ocrx_word' id='word_1_176' title='bbox 2079 2446 2218 2509; x_wconf 88' lang='lat' dir='ltr'>eius</span> <span class='ocrx_word' id='word_1_177' title='bbox 2264 2450 2508 2521; x_wconf 88' lang='lat' dir='ltr'>utatur,</span> <span class='ocrx_word' id='word_1_178' title='bbox 2553 2464 2766 2526; x_wconf 89' lang='lat' dir='ltr'>neque</span> <span class='ocrx_word' id='word_1_179' title='bbox 2813 2463 3052 2524; x_wconf 83' lang='lat' dir='ltr'>corpus</span> 
     </span>
     <span class='ocr_line' id='line_1_20' title="bbox 326 2550 3050 2630; baseline -0.003 -9"><span class='ocrx_word' id='word_1_180' title='bbox 326 2580 474 2621; x_wconf 91' lang='lat' dir='ltr'>cum</span> <span class='ocrx_word' id='word_1_181' title='bbox 520 2557 739 2621; x_wconf 84' lang='lat' dir='ltr'>animo</span> <span class='ocrx_word' id='word_1_182' title='bbox 788 2558 1211 2620; x_wconf 86' lang='lat' dir='ltr'>coniunctum</span> <span class='ocrx_word' id='word_1_183' title='bbox 1260 2554 1491 2617; x_wconf 88' lang='lat' dir='ltr'>eadem</span> <span class='ocrx_word' id='word_1_184' title='bbox 1539 2554 1618 2617; x_wconf 88' lang='lat' dir='ltr'>de</span> <span class='ocrx_word' id='word_1_185' title='bbox 1668 2573 1891 2630; x_wconf 87' lang='lat' dir='ltr'>causa,</span> <span class='ocrx_word' id='word_1_186' title='bbox 1949 2558 2218 2629; x_wconf 88' lang='lat' dir='ltr'>restare,</span> <span class='ocrx_word' id='word_1_187' title='bbox 2275 2559 2350 2616; x_wconf 92' lang='lat' dir='ltr'>ut</span> <span class='ocrx_word' id='word_1_188' title='bbox 2394 2551 2590 2614; x_wconf 90' lang='lat' dir='ltr'>homo</span> <span class='ocrx_word' id='word_1_189' title='bbox 2639 2550 2900 2614; x_wconf 88' lang='lat' dir='ltr'>animus</span> <span class='ocrx_word' id='word_1_190' title='bbox 2945 2550 3050 2625; x_wconf 82' lang='lat' dir='ltr'>sit,</span> 
     </span>
     <span class='ocr_line' id='line_1_21' title="bbox 324 2655 3052 2748; baseline -0.003 -21"><span class='ocrx_word' id='word_1_191' title='bbox 324 2666 393 2727; x_wconf 89' lang='lat' dir='ltr'>in</span> <span class='ocrx_word' id='word_1_192' title='bbox 442 2684 573 2748; x_wconf 89' lang='lat' dir='ltr'>quo</span> <span class='ocrx_word' id='word_1_193' title='bbox 622 2663 832 2726; x_wconf 89' lang='lat' dir='ltr'>omnis</span> <span class='ocrx_word' id='word_1_194' title='bbox 879 2663 1084 2725; x_wconf 53' lang='lat' dir='ltr'>&#39;virtus</span> <span class='ocrx_word' id='word_1_195' title='bbox 1132 2667 1197 2725; x_wconf 90' lang='lat' dir='ltr'>et</span> <span class='ocrx_word' id='word_1_196' title='bbox 1242 2660 1648 2742; x_wconf 87' lang='lat' dir='ltr'>praestantia</span> <span class='ocrx_word' id='word_1_197' title='bbox 1694 2659 1978 2722; x_wconf 82' lang='lat' dir='ltr'>hominis</span> <span class='ocrx_word' id='word_1_198' title='bbox 2026 2659 2240 2740; x_wconf 86' lang='lat' dir='ltr'>posita</span> <span class='ocrx_word' id='word_1_199' title='bbox 2289 2659 2393 2721; x_wconf 86' lang='lat' dir='ltr'>sit.</span> <span class='ocrx_word' id='word_1_200' title='bbox 2440 2657 2606 2720; x_wconf 89' lang='lat' dir='ltr'>Inde</span> <span class='ocrx_word' id='word_1_201' title='bbox 2647 2655 2818 2720; x_wconf 86' lang='lat' dir='ltr'>effici</span> <span class='ocrx_word' id='word_1_202' title='bbox 2859 2656 3052 2719; x_wconf 89' lang='lat' dir='ltr'>deum</span> 
     </span>
     <span class='ocr_line' id='line_1_22' title="bbox 326 2764 3049 2849; baseline -0.003 -16"><span class='ocrx_word' id='word_1_203' title='bbox 326 2770 439 2834; x_wconf 90' lang='lat' dir='ltr'>illo</span> <span class='ocrx_word' id='word_1_204' title='bbox 483 2770 745 2849; x_wconf 75' lang='grc' dir='ltr'>,,Γνῶ191</span> <span class='ocrx_word' id='word_1_205' title='bbox 782 2770 1051 2833; x_wconf 79' lang='grc' dir='ltr'>σαυτὸν“</span> <span class='ocrx_word' id='word_1_206' title='bbox 1096 2789 1217 2831; x_wconf 86' lang='lat' dir='ltr'>nos</span> <span class='ocrx_word' id='word_1_207' title='bbox 1254 2766 1478 2831; x_wconf 90' lang='lat' dir='ltr'>iubere</span> <span class='ocrx_word' id='word_1_208' title='bbox 1518 2787 1653 2829; x_wconf 92' lang='grc'>11011</span> <span class='ocrx_word' id='word_1_209' title='bbox 1690 2786 1950 2847; x_wconf 77' lang='lat' dir='ltr'>corpus,</span> <span class='ocrx_word' id='word_1_210' title='bbox 2001 2766 2116 2829; x_wconf 85' lang='lat' dir='ltr'>sed</span> <span class='ocrx_word' id='word_1_211' title='bbox 2163 2764 2453 2828; x_wconf 82' lang='lat' dir='ltr'>animum</span> <span class='ocrx_word' id='word_1_212' title='bbox 2498 2783 2796 2842; x_wconf 84' lang='lat' dir='ltr'>noscere3</span> <span class='ocrx_word' id='word_1_213' title='bbox 2849 2783 3049 2845; x_wconf 76' lang='lat' dir='ltr'>quare</span> 
     </span>
     <span class='ocr_line' id='line_1_23' title="bbox 325 2870 3052 2960; baseline -0.004 -20"><span class='ocrx_word' id='word_1_214' title='bbox 325 2898 539 2960; x_wconf 88' lang='lat' dir='ltr'>neque</span> <span class='ocrx_word' id='word_1_215' title='bbox 577 2875 904 2940; x_wconf 89' lang='lat' dir='ltr'>medicum</span> <span class='ocrx_word' id='word_1_216' title='bbox 942 2896 1155 2958; x_wconf 86' lang='lat' dir='ltr'>neque</span> <span class='ocrx_word' id='word_1_217' title='bbox 1184 2874 1504 2957; x_wconf 81' lang='lat' dir='ltr'>gymnasii</span> <span class='ocrx_word' id='word_1_218' title='bbox 1535 2874 1943 2956; x_wconf 88' lang='lat' dir='ltr'>magistrum,</span> <span class='ocrx_word' id='word_1_219' title='bbox 1995 2894 2141 2935; x_wconf 90' lang='lat' dir='ltr'>cum</span> <span class='ocrx_word' id='word_1_220' title='bbox 2179 2880 2400 2954; x_wconf 84' lang='lat' dir='ltr'>partes</span> <span class='ocrx_word' id='word_1_221' title='bbox 2430 2871 2722 2952; x_wconf 89' lang='lat' dir='ltr'>corporis</span> <span class='ocrx_word' id='word_1_222' title='bbox 2753 2870 3052 2951; x_wconf 78' lang='lat' dir='ltr'>cognitas</span> 
     </span>
     <span class='ocr_line' id='line_1_24' title="bbox 326 2970 3052 3065; baseline -0.004 -18"><span class='ocrx_word' id='word_1_223' title='bbox 326 2970 636 3061; x_wconf 84' lang='lat' dir='ltr'>habeant,</span> <span class='ocrx_word' id='word_1_224' title='bbox 688 2989 1015 3065; x_wconf 84' lang='lat' dir='ltr'>quat-enus</span> <span class='ocrx_word' id='word_1_225' title='bbox 1062 3004 1247 3045; x_wconf 83' lang='lat' dir='ltr'>suam</span> <span class='ocrx_word' id='word_1_226' title='bbox 1295 2986 1502 3045; x_wconf 86' lang='lat' dir='ltr'>artem</span> <span class='ocrx_word' id='word_1_227' title='bbox 1551 2986 1918 3057; x_wconf 84' lang='lat' dir='ltr'>exerceant,</span> <span class='ocrx_word' id='word_1_228' title='bbox 1969 3000 2038 3041; x_wconf 88' lang='lat' dir='ltr'>se</span> <span class='ocrx_word' id='word_1_229' title='bbox 2083 2980 2263 3060; x_wconf 88' lang='lat' dir='ltr'>ipsos</span> <span class='ocrx_word' id='word_1_230' title='bbox 2301 2998 2603 3057; x_wconf 81' lang='lat' dir='ltr'>noscere3</span> <span class='ocrx_word' id='word_1_231' title='bbox 2651 2977 2746 3040; x_wconf 87' lang='lat' dir='ltr'>ita</span> <span class='ocrx_word' id='word_1_232' title='bbox 2787 2974 3052 3057; x_wconf 80' lang='lat' dir='ltr'>opifices</span> 
     </span>
     <span class='ocr_line' id='line_1_25' title="bbox 326 3080 3050 3171; baseline -0.004 -18"><span class='ocrx_word' id='word_1_233' title='bbox 326 3096 391 3153; x_wconf 84' lang='lat' dir='ltr'>et</span> <span class='ocrx_word' id='word_1_234' title='bbox 428 3088 752 3171; x_wconf 82' lang='lat' dir='ltr'>agricolas</span> <span class='ocrx_word' id='word_1_235' title='bbox 791 3111 919 3152; x_wconf 90' lang='lat' dir='ltr'>non</span> <span class='ocrx_word' id='word_1_236' title='bbox 965 3110 1031 3151; x_wconf 84' lang='lat' dir='ltr'>se</span> <span class='ocrx_word' id='word_1_237' title='bbox 1072 3088 1248 3170; x_wconf 87' lang='lat' dir='ltr'>ipsos</span> <span class='ocrx_word' id='word_1_238' title='bbox 1286 3087 1563 3161; x_wconf 88' lang='lat' dir='ltr'>novisse,</span> <span class='ocrx_word' id='word_1_239' title='bbox 1614 3085 1729 3149; x_wconf 85' lang='lat' dir='ltr'>sed</span> <span class='ocrx_word' id='word_1_240' title='bbox 1769 3107 1847 3149; x_wconf 86' lang='lat' dir='ltr'>ea</span> <span class='ocrx_word' id='word_1_241' title='bbox 1883 3092 2144 3148; x_wconf 88' lang='lat' dir='ltr'>tantum</span> <span class='ocrx_word' id='word_1_242' title='bbox 2182 3106 2432 3161; x_wconf 87' lang='lat' dir='ltr'>curare,</span> <span class='ocrx_word' id='word_1_243' title='bbox 2485 3105 2654 3166; x_wconf 84' lang='lat' dir='ltr'>quae</span> <span class='ocrx_word' id='word_1_244' title='bbox 2685 3082 2770 3146; x_wconf 83' lang='lat' dir='ltr'>ad</span> <span class='ocrx_word' id='word_1_245' title='bbox 2801 3080 3050 3145; x_wconf 90' lang='lat' dir='ltr'>cultum</span> 
     </span>
     <span class='ocr_line' id='line_1_26' title="bbox 327 3189 3048 3279; baseline -0.003 -20"><span class='ocrx_word' id='word_1_246' title='bbox 327 3197 621 3279; x_wconf 84' lang='lat' dir='ltr'>corporis</span> <span class='ocrx_word' id='word_1_247' title='bbox 668 3197 1059 3278; x_wconf 86' lang='lat' dir='ltr'>pertineant.</span> <span class='ocrx_word' id='word_1_248' title='bbox 1154 3193 1573 3258; x_wconf 89' lang='lat' dir='ltr'>Alcibiadem</span> <span class='ocrx_word' id='word_1_249' title='bbox 1619 3194 1838 3275; x_wconf 87' lang='lat' dir='ltr'>igitur,</span> <span class='ocrx_word' id='word_1_250' title='bbox 1899 3193 2010 3274; x_wconf 87' lang='lat' dir='ltr'>qui</span> <span class='ocrx_word' id='word_1_251' title='bbox 2059 3192 2198 3256; x_wconf 90' lang='lat' dir='ltr'>eius</span> <span class='ocrx_word' id='word_1_252' title='bbox 2247 3212 2486 3273; x_wconf 89' lang='lat' dir='ltr'>corpus</span> <span class='ocrx_word' id='word_1_253' title='bbox 2535 3189 2768 3274; x_wconf 89' lang='lat' dir='ltr'>diligit,</span> <span class='ocrx_word' id='word_1_254' title='bbox 2835 3189 3048 3270; x_wconf 88' lang='lat' dir='ltr'>ipsum</span> 
     </span>
     <span class='ocr_line' id='line_1_27' title="bbox 326 3298 3048 3385; baseline -0.003 -20"><span class='ocrx_word' id='word_1_255' title='bbox 326 3325 459 3367; x_wconf 88' lang='lat' dir='ltr'>non</span> <span class='ocrx_word' id='word_1_256' title='bbox 500 3302 715 3385; x_wconf 88' lang='lat' dir='ltr'>diligit</span> <span class='ocrx_word' id='word_1_257' title='bbox 752 3310 817 3365; x_wconf 92' lang='lat' dir='ltr'>et</span> <span class='ocrx_word' id='word_1_258' title='bbox 846 3302 1141 3383; x_wconf 84' lang='lat' dir='ltr'>corporis</span> <span class='ocrx_word' id='word_1_259' title='bbox 1170 3300 1327 3365; x_wconf 87' lang='lat' dir='ltr'>flore</span> <span class='ocrx_word' id='word_1_260' title='bbox 1359 3306 1787 3364; x_wconf 76' lang='lat' dir='ltr'>evanescente</span> <span class='ocrx_word' id='word_1_261' title='bbox 1819 3299 2093 3381; x_wconf 86' lang='lat' dir='ltr'>aufugit.</span> <span class='ocrx_word' id='word_1_262' title='bbox 2143 3298 2392 3364; x_wconf 87' lang='lat' dir='ltr'>Verum</span> <span class='ocrx_word' id='word_1_263' title='bbox 2423 3305 2642 3361; x_wconf 88' lang='lat' dir='ltr'>autem</span> <span class='ocrx_word' id='word_1_264' title='bbox 2673 3304 3048 3371; x_wconf 79' lang='lat' dir='ltr'>amatorem,</span> 
     </span>
     <span class='ocr_line' id='line_1_28' title="bbox 326 3404 3049 3490; baseline -0.003 -18"><span class='ocrx_word' id='word_1_265' title='bbox 326 3415 399 3472; x_wconf 88' lang='lat' dir='ltr'>ut</span> <span class='ocrx_word' id='word_1_266' title='bbox 446 3407 805 3488; x_wconf 84' lang='lat' dir='ltr'>Socratem,</span> <span class='ocrx_word' id='word_1_267' title='bbox 855 3428 1258 3490; x_wconf 82' lang='lat' dir='ltr'>permanere,</span> <span class='ocrx_word' id='word_1_268' title='bbox 1309 3407 1517 3470; x_wconf 91' lang='lat' dir='ltr'>donec</span> <span class='ocrx_word' id='word_1_269' title='bbox 1566 3404 1799 3471; x_wconf 87' lang='lat' dir='ltr'>melius</span> <span class='ocrx_word' id='word_1_270' title='bbox 1847 3405 2102 3489; x_wconf 85' lang='lat' dir='ltr'>aliquid</span> <span class='ocrx_word' id='word_1_271' title='bbox 2149 3411 2441 3487; x_wconf 84' lang='lat' dir='ltr'>appetat.</span> <span class='ocrx_word' id='word_1_272' title='bbox 2491 3404 2780 3469; x_wconf 80' lang='lat' dir='ltr'>Maxime</span> <span class='ocrx_word' id='word_1_273' title='bbox 2831 3408 3049 3466; x_wconf 87' lang='lat' dir='ltr'>autem</span> 
     </span>
     <span class='ocr_line' id='line_1_29' title="bbox 324 3492 3050 3594; baseline -0.004 -17"><span class='ocrx_word' id='word_1_274' title='bbox 324 3516 685 3579; x_wconf 79' lang='lat' dir='ltr'>cavendum</span> <span class='ocrx_word' id='word_1_275' title='bbox 753 3537 914 3593; x_wconf 85' lang='lat' dir='ltr'>esse,</span> <span class='ocrx_word' id='word_1_276' title='bbox 989 3538 1071 3580; x_wconf 84' lang='lat' dir='ltr'>ne</span> <span class='ocrx_word' id='word_1_277' title='bbox 1137 3512 1523 3577; x_wconf 82' lang='lat' dir='ltr'>Alcibiades</span> <span class='ocrx_word' id='word_1_278' title='bbox 1584 3512 1760 3594; x_wconf 89' lang='lat' dir='ltr'>turpi</span> <span class='ocrx_word' id='word_1_279' title='bbox 1835 3511 2046 3593; x_wconf 84' lang='lat' dir='ltr'>plebis</span> <span class='ocrx_word' id='word_1_280' title='bbox 2120 3511 2500 3575; x_wconf 83' lang='lat' dir='ltr'>adulatione</span> <span class='ocrx_word' id='word_1_281' title='bbox 2565 3492 3050 3574; x_wconf 67' lang='lat' dir='ltr'>contaminatus</span> 
     </span>
     <span class='ocr_line' id='line_1_30' title="bbox 325 3618 3048 3704; baseline -0.003 -20"><span class='ocrx_word' id='word_1_282' title='bbox 325 3629 571 3704; x_wconf 84' lang='lat' dir='ltr'>pereat,</span> <span class='ocrx_word' id='word_1_283' title='bbox 614 3644 815 3704; x_wconf 87' lang='lat' dir='ltr'>quare</span> <span class='ocrx_word' id='word_1_284' title='bbox 855 3622 994 3703; x_wconf 86' lang='lat' dir='ltr'>ipse</span> <span class='ocrx_word' id='word_1_285' title='bbox 1034 3621 1314 3703; x_wconf 83' lang='lat' dir='ltr'>primum</span> <span class='ocrx_word' id='word_1_286' title='bbox 1356 3642 1422 3683; x_wconf 89' lang='lat' dir='ltr'>se</span> <span class='ocrx_word' id='word_1_287' title='bbox 1464 3624 1765 3683; x_wconf 81' lang='lat' dir='ltr'>exerceat</span> <span class='ocrx_word' id='word_1_288' title='bbox 1803 3640 2010 3703; x_wconf 86' lang='lat' dir='ltr'>eaque</span> <span class='ocrx_word' id='word_1_289' title='bbox 2050 3618 2370 3697; x_wconf 87' lang='lat' dir='ltr'>addiscat,</span> <span class='ocrx_word' id='word_1_290' title='bbox 2412 3640 2580 3700; x_wconf 88' lang='lat' dir='ltr'>quae</span> <span class='ocrx_word' id='word_1_291' title='bbox 2618 3636 3048 3698; x_wconf 87' lang='lat' dir='ltr'>unumquem-</span> 
     </span>
     <span class='ocr_line' id='line_1_31' title="bbox 327 3721 3048 3811; baseline -0.003 -20"><span class='ocrx_word' id='word_1_292' title='bbox 327 3749 452 3811; x_wconf 78' lang='lat' dir='ltr'>que</span> <span class='ocrx_word' id='word_1_293' title='bbox 516 3726 1022 3791; x_wconf 84' lang='lat' dir='ltr'>Atheniensium</span> <span class='ocrx_word' id='word_1_294' title='bbox 1099 3727 1347 3791; x_wconf 75' lang='lat' dir='ltr'>discere</span> <span class='ocrx_word' id='word_1_295' title='bbox 1422 3747 1685 3790; x_wconf 81' lang='lat' dir='ltr'>nece-sse</span> <span class='ocrx_word' id='word_1_296' title='bbox 1752 3726 1857 3803; x_wconf 81' lang='lat' dir='ltr'>sit,</span> <span class='ocrx_word' id='word_1_297' title='bbox 1934 3732 2287 3807; x_wconf 81' lang='lat' dir='ltr'>antequam</span> <span class='ocrx_word' id='word_1_298' title='bbox 2363 3723 2448 3787; x_wconf 87' lang='lat' dir='ltr'>ad</span> <span class='ocrx_word' id='word_1_299' title='bbox 2513 3746 2650 3787; x_wconf 87' lang='lat' dir='ltr'>rem</span> <span class='ocrx_word' id='word_1_300' title='bbox 2717 3721 3048 3805; x_wconf 80' lang='lat' dir='ltr'>publicam</span> 
     </span>
     <span class='ocr_line' id='line_1_32' title="bbox 326 3834 695 3898; baseline -0.005 0"><span class='ocrx_word' id='word_1_301' title='bbox 326 3834 695 3898; x_wconf 77' lang='lat' dir='ltr'>accesserit.</span> 
     </span>
    </p>
   </div>
   <div class='ocr_carea' id='block_1_7' title="bbox 632 4008 2744 4092">
    <p class='ocr_par' dir='ltr' id='par_1_7' title="bbox 632 4008 2744 4092">
     <span class='ocr_line' id='line_1_33' title="bbox 632 4008 2744 4092; baseline -0.002 -19"><span class='ocrx_word' id='word_1_302' title='bbox 632 4010 763 4073; x_wconf 85' lang='grc' dir='ltr'><strong>ΙΙΙ.</strong></span> <span class='ocrx_word' id='word_1_303' title='bbox 816 4010 1211 4092; x_wconf 78' lang='lat' dir='ltr'>Quomodo</span> <span class='ocrx_word' id='word_1_304' title='bbox 1262 4032 1396 4073; x_wconf 85' lang='lat' dir='ltr'>nos</span> <span class='ocrx_word' id='word_1_305' title='bbox 1446 4011 1656 4092; x_wconf 87' lang='lat' dir='ltr'>ipsos</span> <span class='ocrx_word' id='word_1_306' title='bbox 1706 4032 2111 4073; x_wconf 83' lang='lat' dir='ltr'>noscamus</span> <span class='ocrx_word' id='word_1_307' title='bbox 2157 4008 2744 4090; x_wconf 72' lang='lat' dir='ltr'>(132B—1330).</span> 
     </span>
    </p>
   </div>
   <div class='ocr_carea' id='block_1_8' title="bbox 326 4149 3049 4873">
    <p class='ocr_par' dir='ltr' id='par_1_8' title="bbox 326 4149 3049 4873">
     <span class='ocr_line' id='line_1_34' title="bbox 542 4149 3049 4230; baseline -0.003 -15"><span class='ocrx_word' id='word_1_308' title='bbox 542 4154 709 4215; x_wconf 66' lang='grc'>(311111</span> <span class='ocrx_word' id='word_1_309' title='bbox 774 4152 968 4215; x_wconf 89' lang='lat' dir='ltr'>homo</span> <span class='ocrx_word' id='word_1_310' title='bbox 1036 4152 1293 4215; x_wconf 85' lang='lat' dir='ltr'>animus</span> <span class='ocrx_word' id='word_1_311' title='bbox 1360 4152 1463 4230; x_wconf 89' lang='lat' dir='ltr'>sit,</span> <span class='ocrx_word' id='word_1_312' title='bbox 1533 4151 1978 4215; x_wconf 87' lang='lat' dir='ltr'>adhibendam</span> <span class='ocrx_word' id='word_1_313' title='bbox 2035 4172 2176 4213; x_wconf 78' lang='lat' dir='ltr'>esse</span> <span class='ocrx_word' id='word_1_314' title='bbox 2235 4170 2458 4213; x_wconf 87' lang='lat' dir='ltr'>curam</span> <span class='ocrx_word' id='word_1_315' title='bbox 2515 4149 2754 4226; x_wconf 89' lang='lat' dir='ltr'>animo,</span> <span class='ocrx_word' id='word_1_316' title='bbox 2814 4153 3049 4221; x_wconf 80' lang='lat' dir='ltr'>cetera,</span> 
     </span>
     <span class='ocr_line' id='line_1_35' title="bbox 328 4254 3045 4342; baseline -0.002 -21"><span class='ocrx_word' id='word_1_317' title='bbox 328 4282 495 4342; x_wconf 69' lang='lat' dir='ltr'>(piac</span> <span class='ocrx_word' id='word_1_318' title='bbox 562 4258 648 4322; x_wconf 88' lang='lat' dir='ltr'>ad</span> <span class='ocrx_word' id='word_1_319' title='bbox 716 4280 955 4342; x_wconf 82' lang='lat' dir='ltr'>corpus</span> <span class='ocrx_word' id='word_1_320' title='bbox 1022 4258 1414 4339; x_wconf 84' lang='lat' dir='ltr'>pertineant,</span> <span class='ocrx_word' id='word_1_321' title='bbox 1482 4258 1629 4322; x_wconf 85' lang='lat' dir='ltr'>aliis</span> <span class='ocrx_word' id='word_1_322' title='bbox 1686 4258 2145 4340; x_wconf 83' lang='lat' dir='ltr'>permittenda.</span> <span class='ocrx_word' id='word_1_323' title='bbox 2243 4256 2436 4339; x_wconf 75' lang='lat' dir='ltr'>Quod</span> <span class='ocrx_word' id='word_1_324' title='bbox 2481 4262 2555 4318; x_wconf 89' lang='lat' dir='ltr'>ut</span> <span class='ocrx_word' id='word_1_325' title='bbox 2602 4254 2887 4318; x_wconf 87' lang='lat' dir='ltr'>dilucide</span> <span class='ocrx_word' id='word_1_326' title='bbox 2937 4254 3045 4317; x_wconf 86' lang='lat' dir='ltr'>de-</span> 
     </span>
     <span class='ocr_line' id='line_1_36' title="bbox 328 4362 3047 4447; baseline -0.002 -18"><span class='ocrx_word' id='word_1_327' title='bbox 328 4373 666 4445; x_wconf 85' lang='lat' dir='ltr'>monstret,</span> <span class='ocrx_word' id='word_1_328' title='bbox 710 4364 1017 4429; x_wconf 78' lang='lat' dir='ltr'>Socrates</span> <span class='ocrx_word' id='word_1_329' title='bbox 1055 4365 1179 4429; x_wconf 79' lang='lat' dir='ltr'>hac</span> <span class='ocrx_word' id='word_1_330' title='bbox 1221 4366 1711 4447; x_wconf 83' lang='lat' dir='ltr'>comparatione</span> <span class='ocrx_word' id='word_1_331' title='bbox 1742 4365 1975 4428; x_wconf 82' lang='lat' dir='ltr'>utitur:</span> <span class='ocrx_word' id='word_1_332' title='bbox 2028 4362 2298 4442; x_wconf 65' lang='lat' dir='ltr'>OculUS,</span> <span class='ocrx_word' id='word_1_333' title='bbox 2348 4365 2400 4426; x_wconf 80' lang='lat' dir='ltr'>si</span> <span class='ocrx_word' id='word_1_334' title='bbox 2429 4385 2497 4426; x_wconf 86' lang='lat' dir='ltr'>se</span> <span class='ocrx_word' id='word_1_335' title='bbox 2530 4362 2746 4445; x_wconf 84' lang='lat' dir='ltr'>ipsum</span> <span class='ocrx_word' id='word_1_336' title='bbox 2777 4383 3047 4425; x_wconf 86' lang='lat' dir='ltr'>noscere</span> 
     </span>
     <span class='ocr_line' id='line_1_37' title="bbox 331 4469 3042 4554; baseline -0.003 -18"><span class='ocrx_word' id='word_1_337' title='bbox 331 4472 483 4552; x_wconf 79' lang='lat' dir='ltr'>vult,</span> <span class='ocrx_word' id='word_1_338' title='bbox 544 4471 809 4554; x_wconf 85' lang='lat' dir='ltr'>speculo</span> <span class='ocrx_word' id='word_1_339' title='bbox 865 4472 1072 4535; x_wconf 81' lang='lat' dir='ltr'>utitur</span> <span class='ocrx_word' id='word_1_340' title='bbox 1118 4479 1232 4535; x_wconf 86' lang='lat' dir='ltr'>aut</span> <span class='ocrx_word' id='word_1_341' title='bbox 1280 4472 1468 4536; x_wconf 90' lang='lat' dir='ltr'>oculo</span> <span class='ocrx_word' id='word_1_342' title='bbox 1516 4472 1806 4549; x_wconf 81' lang='lat' dir='ltr'>alterius,</span> <span class='ocrx_word' id='word_1_343' title='bbox 1875 4471 1986 4534; x_wconf 87' lang='lat' dir='ltr'>ubi</span> <span class='ocrx_word' id='word_1_344' title='bbox 2043 4471 2392 4553; x_wconf 79' lang='lat' dir='ltr'>imaginem</span> <span class='ocrx_word' id='word_1_345' title='bbox 2450 4491 2634 4533; x_wconf 84' lang='lat' dir='ltr'>suam</span> <span class='ocrx_word' id='word_1_346' title='bbox 2681 4470 2750 4533; x_wconf 92' lang='lat' dir='ltr'>in</span> <span class='ocrx_word' id='word_1_347' title='bbox 2800 4469 3042 4551; x_wconf 78' lang='lat' dir='ltr'>optima</span> 
     </span>
     <span class='ocr_line' id='line_1_38' title="bbox 328 4575 3048 4661; baseline -0.002 -19"><span class='ocrx_word' id='word_1_348' title='bbox 328 4586 511 4661; x_wconf 83' lang='lat' dir='ltr'>parte</span> <span class='ocrx_word' id='word_1_349' title='bbox 580 4580 919 4661; x_wconf 82' lang='lat' dir='ltr'>conspicit.</span> <span class='ocrx_word' id='word_1_350' title='bbox 1012 4578 1251 4661; x_wconf 88' lang='lat' dir='ltr'>Itaque</span> <span class='ocrx_word' id='word_1_351' title='bbox 1318 4580 1535 4643; x_wconf 90' lang='lat' dir='ltr'>animo</span> <span class='ocrx_word' id='word_1_352' title='bbox 1603 4580 1671 4642; x_wconf 87' lang='lat' dir='ltr'>in</span> <span class='ocrx_word' id='word_1_353' title='bbox 1738 4579 2026 4643; x_wconf 87' lang='lat' dir='ltr'>animum</span> <span class='ocrx_word' id='word_1_354' title='bbox 2084 4576 2622 4658; x_wconf 84' lang='lat' dir='ltr'>conspiciendum</span> <span class='ocrx_word' id='word_1_355' title='bbox 2681 4598 2822 4640; x_wconf 85' lang='lat' dir='ltr'>esse</span> <span class='ocrx_word' id='word_1_356' title='bbox 2869 4582 2936 4639; x_wconf 89' lang='lat' dir='ltr'>et</span> <span class='ocrx_word' id='word_1_357' title='bbox 2979 4575 3048 4637; x_wconf 89' lang='lat' dir='ltr'>in</span> 
     </span>
     <span class='ocr_line' id='line_1_39' title="bbox 330 4684 3044 4768; baseline -0.002 -21"><span class='ocrx_word' id='word_1_358' title='bbox 330 4687 643 4767; x_wconf 83' lang='lat' dir='ltr'>optimam</span> <span class='ocrx_word' id='word_1_359' title='bbox 693 4686 955 4768; x_wconf 88' lang='lat' dir='ltr'>quidem</span> <span class='ocrx_word' id='word_1_360' title='bbox 1004 4692 1253 4767; x_wconf 84' lang='lat' dir='ltr'>partem</span> <span class='ocrx_word' id='word_1_361' title='bbox 1313 4686 1470 4763; x_wconf 82' lang='lat' dir='ltr'>eius,</span> <span class='ocrx_word' id='word_1_362' title='bbox 1532 4708 1661 4768; x_wconf 85' lang='lat' dir='ltr'>qua</span> <span class='ocrx_word' id='word_1_363' title='bbox 1716 4685 1884 4749; x_wconf 87' lang='lat' dir='ltr'>nihil</span> <span class='ocrx_word' id='word_1_364' title='bbox 1940 4686 2024 4748; x_wconf 83' lang='lat' dir='ltr'>sit</span> <span class='ocrx_word' id='word_1_365' title='bbox 2080 4684 2380 4761; x_wconf 80' lang='lat' dir='ltr'>divinius,</span> <span class='ocrx_word' id='word_1_366' title='bbox 2437 4686 2574 4764; x_wconf 74' lang='grc' dir='ltr'>περὶ</span> <span class='ocrx_word' id='word_1_367' title='bbox 2624 4686 2660 4747; x_wconf 80' lang='grc' dir='ltr'><strong>ὃ</strong></span> <span class='ocrx_word' id='word_1_368' title='bbox 2706 4685 2775 4747; x_wconf 81' lang='grc' dir='ltr'>τὸ</span> <span class='ocrx_word' id='word_1_369' title='bbox 2823 4685 3044 4746; x_wconf 74' lang='grc' dir='ltr'>εἰδέναι</span> 
     </span>
     <span class='ocr_line' id='line_1_40' title="bbox 326 4794 1063 4873; baseline -0.003 -18"><span class='ocrx_word' id='word_1_370' title='bbox 326 4818 389 4855; x_wconf 69' lang='grc' dir='ltr'>τε</span> <span class='ocrx_word' id='word_1_371' title='bbox 433 4794 537 4855; x_wconf 77' lang='grc' dir='ltr'>καὶ</span> <span class='ocrx_word' id='word_1_372' title='bbox 586 4800 843 4873; x_wconf 76' lang='grc' dir='ltr'>(Ῑρονεῒν</span> <span class='ocrx_word' id='word_1_373' title='bbox 890 4796 1063 4855; x_wconf 76' lang='grc' dir='ltr'><em>ἔστιν.</em></span> 
     </span>
    </p>
   </div>
  </div>
 </body>
</html>
