3567 5109
1412 280 1852 341 ,ψῃ-

270 494 371 574 δή,
420 494 508 555 ὅτι
549 491 677 554 ἀπὸ
716 491 1091 573 κυνηγεσίου
1132 498 1243 553 τοῦ
1281 492 1422 572 περὶ
1458 492 1570 573 τὴν
1599 492 1997 573 Ἀλκιβιάδου
2036 491 2248 571 ὥραν,·
2295 495 2362 552 et
2400 510 2568 571 quae
2607 492 2996 571 sequuntur)

272 606 418 661 urta
466 598 570 661 sit.

486 704 623 769 Sed
688 704 853 767 haec
906 702 1153 767 leviora
1218 710 1398 781 sunt3
1464 703 1805 768 molestius
1868 703 2040 767 enim
2089 702 2428 767 Socratem
2487 702 2755 767 ferimus
2813 724 2996 767 suam

272 812 477 895 ipsius
533 812 1011 876 institutionem
1070 818 1135 875 et
1190 810 1613 893 disciplinam
1667 810 1863 873 nimis
1919 809 2302 874 laudantem
2359 816 2426 873 et
2481 830 2548 873 se
2607 831 2808 874 unum
2855 832 2996 873 esse

274 918 785 1001 praedicantem,
836 941 876 983 a
916 940 1045 999 quo
1086 916 1471 983 Alcibiades
1508 917 1703 981 rebus
1740 916 2130 981 necessariis
2157 917 2408 981 institui
2442 917 2720 998 possit;¹
2769 925 2998 981 contra

272 1026 594 1107 genuinus
640 1024 835 1089 Plato
901 1032 967 1089 et
1011 1025 1396 1107 Xenophon
1462 1044 1721 1107 semper
1784 1023 2144 1105 discipulos
2213 1024 2596 1107 magistrum
2650 1023 2998 1088 laudantes

272 1132 615 1197 inducunt.
664 1131 800 1197 Sed
844 1154 925 1196 ne
974 1134 1043 1196 in
1090 1133 1215 1197 hac
1265 1131 1529 1215 quidem
1583 1152 1651 1195 re
1702 1131 2044 1195 Socratem
2103 1130 2225 1194 sibi
2275 1137 2576 1195 constare
2624 1137 2798 1195 recte
2837 1130 2996 1195 mihi

271 1239 553 1303 Kvicala
602 1237 859 1304 videtur
907 1239 1366 1305 observati-isse.
1458 1238 1633 1303 Nam
1684 1236 2011 1315 SocrateS,
2060 1258 2458 1321 quamquam
2505 1259 2565 1319 p.
2609 1236 2813 1302 1240
2869 1236 2999 1301 nisi

273 1370 339 1410 se
392 1386 473 1393 —
522 1347 646 1411 deo
695 1346 1046 1411 adiuvante
1088 1386 1169 1393 —-
1217 1347 1547 1410 neminem
1594 1344 1934 1410 Alcibiadi
1972 1344 2248 1428 gloriam
2287 1351 2817 1427 comparaturum
2857 1366 2996 1408 esse

272 1454 572 1535 promisit
602 1458 667 1517 et
696 1452 1083 1518 Alcibiades
1112 1453 1303 1517 dixit:
1354 1454 1627 1527 Παίζεις,
1666 1452 1724 1517 ὦ
1762 1453 2123 1535 Σώκρατες,
2161 1451 2544 1533 respondet:
2582 1452 2790 1523 Ἴσως·
2831 1454 2995 1534 λέγω

266 1564 476 1643 μέντοι
526 1562 757 1643 ἀληθῆ,
805 1563 893 1624 ὅτι
942 1562 1288 1643 ἐπιμελείας
1343 1561 1644 1643 δεόμεθα,
1698 1560 1943 1642 μᾶλλον
1986 1560 2105 1641 μὲν
2152 1561 2376 1629 πάντες
2423 1562 2780 1640 ἅνθρωποι,
2837 1560 2996 1641 ἀτὰρ

271 1672 368 1731 νώ
408 1694 473 1751 γε
510 1671 617 1732 καὶ
652 1671 824 1750 μάλα
863 1670 1134 1751 σφόδρα.
1189 1718 1217 1747 ,,
1230 1666 1376 1751 Quo
1422 1668 1622 1749 igitur
1658 1667 1796 1729 iure
1840 1672 1976 1729 tam
2015 1665 2421 1730 confidenter
2447 1664 2784 1730 Alcibiadi
2832 1664 3000 1728 illud

270 1776 593 1856 promisit,
641 1776 697 1839 si
742 1776 871 1840 iam
922 1776 1058 1857 ipse
1110 1773 1488 1839 dubitanter
1540 1772 1876 1855 loquitur?
1969 1772 2119 1837 Sive
2179 1774 2350 1837 enim
2407 1774 2548 1855 ipse
2599 1771 2997 1855 opinabatur

273 1902 463 1964 posse
529 1903 596 1945 se
661 1879 1082 1946 Alcibiadem
1145 1882 1294 1945 Deo
1358 1882 1621 1945 iuvante
1688 1880 1774 1945 ad
1841 1902 2162 1943 summum
2229 1879 2475 1961 gloriae
2534 1880 2996 1962 potentiaeque

272 1988 613 2070 fastigium
664 1989 1041 2070 perducere,
1090 2010 1223 2052 non
1272 1987 1555 2051 debebat
1602 1986 1960 2051 concedere
2010 2008 2076 2052 se
2122 1988 2358 2066 iocari3
2408 1988 2540 2051 sive
2586 1986 2752 2051 illud
2801 1987 2995 2050 simu-

271 2097 449 2171 lavit,
502 2118 631 2178 quo
671 2096 903 2159 melius
941 2094 1360 2160 Alcibiadem
1409 2101 1630 2178 posset·
1667 2094 1952 2173 allicere,
2003 2094 2280 2158 eandem
2319 2093 2604 2159 debebat·
2649 2114 2996 2177 personam

270 2204 461 2281 tueri,
514 2224 711 2283 quam
760 2202 1244 2284 susceperat.“²

486 2309 775 2374 Maxime
827 2316 1043 2373 autem
1094 2308 1487 2373 offendimur
1533 2315 1934 2391 reputantes),
1996 2330 2161 2390 quae.
2209 2315 2432 2390 partes
2480 2308 2827 2372 daemonio
2877 2306 2997 2371 So-

270 2417 471 2479 cratis
528 2415 813 2479 tributae
864 2416 1009 2479 sint.
1075 2417 1365 2480 Primum
1421 2417 1624 2497 igitur
1670 2415 1875 2493 locos,
1927 2415 2039 2497 qui
2094 2415 2222 2478 huc
2270 2415 2620 2497 pertinent,
2670 2414 2994 2478 adferam:

272 2545 331 2604 p.
365 2520 599 2585 103A:
652 2574 663 2585 .
696 2573 707 2584 .
740 2524 1001 2586 ,τούτου
1043 2525 1113 2585 δὲ
1147 2524 1217 2586 τὸ
1255 2526 1446 2587 αἴτιον
1485 2526 1735 2604 γέγονεν
1762 2525 1885 2585 οὐκ
1919 2524 2346 2605 ἀνθρώπειον,
2383 2523 2541 2585 ἀλλά
2581 2547 2634 2584 τι
2673 2524 2998 2605 δαιμόνιον

268 2633 639 2712 ἐναντίωμα,
688 2628 765 2692 οὗ
813 2630 889 2693 σι’·
936 2631 1046 2712 τὴν
1092 2632 1359 2711 δύναμιν
1395 2630 1502 2692 καὶ
1538 2631 1798 2710 ὕστερον
1842 2632 2077 2692 πεύσει·
2125 2636 2240 2693 νῦν
2288 2630 2346 2691 δ’
2388 2628 2599 2710 ἐπειδὴ
2648 2631 2853 2691 οὐκέτι
2899 2631 2995 2691 ἐν-

270 2744 597 2808 αντιοῦται,
636 2738 805 2799 οὕτω
842 2737 1312 2818 προσελήλυθα·
1350 2736 1592 2805 εὔελπις
1631 2736 1688 2798 δ’
1722 2737 1846 2817 εἰμὶ
1883 2737 1988 2798 καὶ
2025 2736 2095 2799 τὸ
2133 2736 2351 2799 λοιπὸν
2386 2736 2476 2817 μὴ
2517 2737 2998 2799 ἐναντιώσεσθαι

268 2846 443 2905 αι’ντό.
508 2844 631 2905 105
652 2842 718 2903 D
768 2863 931 2922 seq.:
978 2843 1221 2905 τούτων
1268 2844 1387 2923 γάρ
1435 2866 1532 2905 σοι
1578 2844 1876 2905 ἁπάντων
1920 2849 2049 2905 τῶν
2098 2844 2541 2925 διανοημάτων
2586 2843 2757 2910 τέλος
2804 2844 3106 2941 5-

278 2952 461 3032 θῆναι
519 2952 669 3012 ἄνευ
726 2951 884 3031 ἐμοῦ
943 2950 1279 3013 ἀδύνατον·
1337 2950 1642 3029 τοσαύτην
1698 2950 1826 3027 ἐγὼ
1885 2950 2153 3030 δύναμιν
2207 2950 2379 3031 οἶμαι
2444 2951 2604 3030 ἔχειν
2659 2951 2744 3017 εἰς
2797 2949 2868 3011 τὰ
2917 2950 2997 3010 σὰ

268 3059 607 3138 πράγματα
646 3058 750 3119 καὶ
789 3058 875 3125 εἷς
902 3058 995 3119 σε’·
1046 3056 1143 3119 διὸ
1175 3056 1251 3137 δὴ
1283 3055 1389 3118 καὶ
1416 3056 1605 3117 πάλαι
1636 3056 1814 3136 οἶμαί
1843 3079 1926 3136 με
1962 3055 2068 3117 τὸν
2104 3056 2260 3117 θεὸν
2299 3057 2418 3117 οὐκ
2457 3057 2567 3117 ἐᾶν
2606 3056 3003 3135 διαλέγεσθαί

270 3188 387 3233 σοι,
436 3167 511 3225 ὃν
556 3164 684 3245 ἐγὼ
732 3165 1099 3243 περιέμενον
1155 3164 1425 3243 ὁπηνίκα
1482 3163 1661 3224 ἐάσει.
1754 3163 1972 3242 ὥσπερ
2019 3161 2140 3242 γὰρ
2188 3162 2264 3223 σὺ
2313 3163 2563 3231 ἐλπίδας
2609 3165 2765 3243 ἔχεις
2811 3163 2878 3223 ἐν
2924 3168 2996 3243 τῇ

268 3270 461 3341 πόλει,
519 3271 688 3332 οὕτω
742 3270 926 3348 κάγὼ
982 3269 1155 3349 παρὰ
1214 3270 1312 3331 σοὶ
1368 3269 1597 3340 ἐλπίζω
1644 3269 1934 3350 μέγιστον
1981 3269 2362 3350 δυνήσεσθαι
2409 3269 2858 3348 ἐνδειξάμενος,
2906 3270 2997 3329 ὅτι

270 3378 503 3442 παντὸς
547 3378 721 3460 ἄξιός
766 3378 896 3457 εἰμί
936 3399 1049 3445 σοι,
1098 3376 1203 3437 καὶ
1248 3376 1392 3437 οὔτε
1438 3377 1768 3455 ἐπίτροπος
1823 3377 1965 3437 οὔτε
2021 3375 2324 3457 συγγενὴς
2377 3376 2500 3437 οὔτ’
2551 3376 2736 3443 ἄλλος
2791 3376 2998 3443 οὐδεὶς

270 3484 489 3552 ἱκανὸς
542 3484 941 3563 παραδοῦναι
996 3482 1106 3563 τὴν
1163 3482 1429 3563 δύναμιν
1486 3481 1559 3563 ἧς
1614 3482 1940 3562 ἐπιθυμεῖς
2002 3482 2165 3563 πλὴν
2228 3483 2405 3563 ἐμοῦ,
2460 3482 2614 3563 μετὰ
2671 3489 2780 3545 τοῦ
2835 3483 2995 3545 ’θεοῦ
3086 3504 3094 3509 ’

268 3589 529 3670 ,ιιὲντοι 3
576 3590 865 3669 νεωτέρῳ
902 3589 1020 3669 μὲν
1058 3588 1173 3651 οὖν
1212 3590 1339 3651 ὄντι
1377 3613 1471 3652 σοι
1512 3590 1614 3651 καὶ
1652 3590 1800 3669 πρὶν
1837 3589 2140 3670 τοσαύτης
2177 3589 2424 3657 ἐλπίδος
2462 3590 2685 3669 γέμειν,
2726 3590 2820 3658 ὡς
2857 3590 2997 3670 ἐμοὶ

272 3698 465 3767 δοκεῖ,
512 3698 633 3758 σι’νκ
672 3698 765 3757 εἴα
803 3697 839 3757 ὁ
878 3696 1031 3765 ’θεὸς
1070 3696 1478 3775 διαλέγεσθαι,
1516 3697 1615 3757 ἵνα
1652 3696 1741 3776 μὴ
1780 3697 1986 3777 μάτην
2026 3696 2448 3777 διαλεγοίμην·
2498 3702 2610 3758 νῦν
2650 3698 2708 3757 δ’
2743 3698 2994 3777 ἐφῆκεν.

279 3804 403 3864 124
426 3801 479 3865 (,“
526 3802 699 3865 Em:
741 3802 821 3865 ‘O
861 3804 1191 3882 ἐπίτροπος
1228 3803 1264 3863 ὁ
1304 3802 1456 3883 ἐμὸς
1500 3803 1757 3883 βελτίων
1797 3804 1916 3863 ἐστὶ
1955 3802 2060 3864 καὶ
2107 3802 2475 3883 σοφώτερος
2523 3806 2558 3883 ἢ
2610 3802 2994 3885 [Περικλῆς]

274 3910 310 3969 ὁ
358 3909 483 3977 σός.
542 3908 697 3971 HL:
755 3908 853 3977 Τίς
900 3906 1100 3979 οὗτος,
1150 3907 1206 3971 ὦ
1252 3908 1628 3988 Σώκρατες;
1674 3908 1848 3971 Σω..·
1907 3908 2084 3980 Θεός,
2133 3906 2190 3971 ὦ
2231 3908 2606 3990 Ἀλκιβιάδη,
2655 3909 2851 3987 ὅσπερ
2898 3910 3000 3970 σοί

268 4040 353 4095 με
400 4017 519 4077 οὐκ
567 4018 660 4077 εἴα
706 4014 833 4095 πρὸ
881 4016 1065 4097 τῆσδε
1110 4022 1217 4096 τῆς
1265 4017 1503 4096 ἡμέρας
1552 4015 1979 4096 διαλεχθῆναι·
2037 4013 2095 4095 ᾦ
2139 4016 2248 4077 καὶ
2301 4017 2609 4078 πιστεύων
2663 4015 2846 4093 λέγω,
2905 4016 2995 4076 ὅτι

276 4124 311 4203 ἡ
362 4123 687 4202 ἐπιφάνεια
736 4124 813 4183 δι’
867 4121 1127 4191 οὐδενὸς
1172 4122 1363 4184 ἄλλοι·
1411 4144 1506 4184 σοι
1555 4124 1716 4183 ἔσται
1768 4125 1805 4202 ἢ
1855 4123 1934 4183 δι’
1978 4122 2187 4203 ἐμοῖῌ1
2236 4120 2368 4183 Sed
2409 4141 2536 4203 quo
2577 4120 2836 4183 facilius
2876 4120 2995 4183 bos

490 4332 509 4365 ¹
552 4332 745 4398 Locos.
786 4334 881 4399 qui
922 4332 1051 4383 huic
1094 4334 1167 4383 ιϊί
1210 4332 1545 4384 ‹lm-umento
1587 4336 1730 4397 sunt,
1782 4350 1908 4383 vum
1951 4350 2058 4383 una
2101 4349 2224 4383 vum
2267 4334 2332 4383 iis
2375 4334 2744 4397 inveniantur,
2794 4333 2995 4398 quibus·

272 4424 418 4486 gvnii
462 4423 709 4474 socratis
748 4422 959 4473 mentio
1001 4420 1081 4487 fit,
1123 4422 1312 4473 statim
1351 4422 1645 4489 proferam.

488 4510 509 4543 ²
548 4510 789 4561 Kvicala
826 4512 883 4561 in
922 4510 1127 4576 disput.
1169 4510 1317 4561 laud.
1358 4530 1406 4577 p.
1440 4512 1488 4561 5.

489 4600 509 4629 ²⁸
547 4599 711 4666 Quod
752 4598 858 4649 hm·
898 4599 1023 4649 loco
1065 4599 1323 4651 Socrates
1354 4617 1451 4650 sua
1481 4599 1651 4650 verba
1689 4605 1977 4665 tamquam
2016 4606 2244 4649 excusat
2278 4598 2486 4650 addens
2521 4600 2670 4665 μετὰ
2709 4610 2813 4651 τοῦ
2852 4602 2997 4653 θεοῦ

274 4690 492 4744 μέντοι.
531 4688 857 4753 scriptorem
899 4688 1188 4753 aliquanto
1228 4693 1350 4755 post
1394 4704 1609 4739 morum
1649 4687 1898 4738 Socratis
1937 4688 2252 4739 meminisse
2289 4690 2619 4755 putaverim.

488 4776 509 4809 ⁸
549 4776 675 4827 Huc
726 4793 833 4827 non
884 4776 1159 4841 pertinent
1214 4778 1321 4827 loci
1370 4795 1422 4843 p.
1460 4775 1618 4828 127E
1657 4780 1713 4827 et
1757 4776 1937 4829 1351).
1986 4776 2079 4827 ubi
2131 4777 2401 4843 scriptum
2441 4776 2676 4845 legimus
2715 4780 2790 4830 ἂν
2831 4778 2991 4844 (ἐὰν)
