3567 5109
1722 275 2166 336 „24-

568 494 645 551 61
695 487 954 571 ingenio
1002 488 1072 551 in
1118 484 1567 569 disputatione
1626 484 1705 551 de
1766 486 2022 569 legibus
2079 488 2463 569 aequiperet
2519 493 2716 570 atque
2775 486 2944 550 adeo
3001 486 3302 549 maximis

582 618 730 658 611111
777 594 1100 677 angustiis
1149 593 1639 671 circumcludat,
1686 594 1862 657 idem
1910 593 2316 671 adulescenS‚
2377 594 2489 676 qui
2549 593 2942 676 permultum
2992 592 3302 675 sophistis

578 700 773 766 11511111ι
822 706 995 764 certe
1045 721 1125 763 ex
1171 721 1395 763 eorum
1446 700 1798 782 disciplina
1843 700 2050 763 multa
2097 700 2443 763 commoda
2480 706 2793 779 traxerat,
2833 700 2946 782 qui
2985 721 3118 763 una
3155 720 3303 762 cum

582 807 791 870 (*ritia
854 806 1206 889 plurimum
1271 808 1590 889 temporis
1658 805 2065 888 consumpsit
2129 805 2492 870 collocutus
2559 828 2704 870 cum
2761 807 2938 884 viris,
2999 807 3111 889 qui
3163 826 3302 869 rem

578 913 913 996 publicam
978 913 1585 991 administrabant,fit
1640 913 1814 977 idem
1871 913 2258 977 adulescens
2315 914 2383 978 in
2437 913 2563 977 hoc
2618 935 2917 978 sermone
2970 912 3306 977 inducitur

578 1022 774 1085 homo
832 1022 1073 1085 stultus
1121 1028 1186 1085 et
1233 1021 1515 1103 ineptuS,
1566 1022 1677 1103 qui
1728 1059 1812 1067 —
1859 1026 1933 1084 ut
1979 1021 2110 1085 iam
2158 1019 2718 1085 Schleiermacher
2773 1027 2949 1085 recte
3007 1020 3172 1083 vidit
3215 1059 3304 1065 --

568 1150 659 1191 ne
710 1134 915 1192 artem
966 1127 1249 1211 quidem,
1302 1150 1429 1211 qua
1482 1128 1933 1191 citharizando
1979 1128 2423 1205 instituamur,
2469 1128 2758 1191 invenire
2807 1128 3018 1211 possit
3062 1133 3130 1190 et
3175 1126 3302 1189 diis

580 1235 839 1298 demum
889 1234 1082 1297 huius
1132 1235 1313 1313 artiS,
1362 1234 1598 1311 Musis,
1658 1236 2182 1299 commemoratis
2241 1240 2446 1299 artem
2503 1234 2818 1299 musicam
2875 1254 3015 1297 esse
3072 1233 3304 1297 dicat.³

580 1340 689 1403 An
739 1364 883 1405 cum
926 1341 1365 1405 Stallbaumio
1414 1341 1585 1405 hanc
1622 1339 1996 1405 Alcibiadis
2044 1341 2411 1405 irrisionem
2460 1361 2600 1405 esse
2649 1337 3057 1405 statuamus?
3105 1338 3302 1404 Certe

578 1470 709 1511 non
768 1470 934 1529 opus
990 1454 1135 1513 erat
1196 1447 1600 1527 „disserendi
1656 1447 2089 1527 subtilitate“,
2157 1455 2233 1512 ut
2277 1446 2666 1512 Alcibiades
2721 1454 2928 1511 artem
2983 1447 3304 1511 musicam

578 1556 911 1637 cognitam
977 1554 1269 1634 haberet,
1340 1577 1536 1638 quam
1602 1557 1742 1618 sine
1799 1554 2011 1619 'dubio
2074 1576 2268 1618 nemo
2316 1552 2824 1618 Atheniensium
2879 1554 3112 1635 viginti
3165 1552 3302 1616 fere

576 1682 899 1725 annorum
958 1662 1329 1743 ignorabat.
1422 1662 1563 1725 Nos
1632 1661 1896 1745 quidem
1963 1684 2043 1725 ex
2107 1662 2231 1726 hoc
2284 1662 2430 1725 loco
2487 1662 2847 1725 certissime
2903 1661 3303 1725 imitatorem

580 1765 871 1849 intellegi
932 1788 1124 1849 posse
1182 1768 1659 1846 existimamus3
1726 1788 1881 1833 nam
1939 1770 2278 1833 materiam
2325 1769 2526 1833 talem
2574 1770 2666 1833 ita
2715 1767 3077 1833 distrahere
3124 1773 3302 1831 certe

579 1896 711 1937 non
760 1874 1065 1937 Platonis
1112 1881 1231 1953 est,
1298 1856 1411 1958 qui
1460 1876 1729 1939 verbum
1777 1877 2064 1940 musicae
2111 1877 2270 1939 item
2321 1898 2355 1939 a
2405 1876 2618 1939 Musis
2668 1883 2880 1940 ortum
2927 1896 3070 1937 esse
3116 1874 3301 1951 dicit,

574 1980 691 2043 sed
740 1988 985 2063 quanto
1036 1980 1319 2064 lepidius
1368 1982 1537 2045 conf.
1585 1983 1873 2047 Phaedr.
1916 1983 2147 2047 259B:
2201 2033 2214 2046 .
2250 2033 2263 2046 .
2299 2032 2311 2046 .
2345 1987 2702 2066 γενομένων
2749 1984 2818 2046 δὲ
2855 1982 3149 2047 Movocbv
3193 1983 3302 2043 καὶ

573 2091 871 2171 φανείσης
916 2090 1106 2171 ᾠδῆς.
1164 2089 1419 2152 Eodem
1470 2089 1663 2153 modo
1714 2112 1774 2172 p.
1824 2090 2018 2155 124E
2069 2112 2252 2174 seqq.
2302 2089 2685 2154 Alcibiades
2732 2110 2996 2172 operam
3045 2087 3178 2165 dat,
3227 2096 3304 2149 ut

574 2194 835 2271 efficiat,
878 2217 1073 2277 quam
1114 2204 1320 2259 artem
1360 2197 1590 2279 opt-imi
1632 2198 1751 2260 viri
1791 2199 1998 2279 (καλοὶ
2035 2200 2348 2280 κάγαθοί)
2387 2198 2666 2261 maxime
2705 2197 2918 2260 colere
2959 2194 3304 2259 debeant.⁴

574 2300 637 2362 N
645 2322 810 2383 eque
879 2308 979 2363 est
1044 2301 1316 2366 dubium
1364 2342 1448 2349 -—
1502 2310 1577 2367 ut
1644 2326 1842 2386 supra
1901 2303 2491 2368 demonstravimus
2551 2343 2653 2383 —,
2715 2303 2874 2386 quin
2938 2303 3071 2365 iam
3137 2322 3304 2382 puer

574 2407 859 2471 maxima
916 2429 1073 2471 cura
1128 2416 1194 2472 et
1250 2432 1501 2473 summo
1560 2410 1777 2474 studio
1838 2412 1939 2489 iis,
2001 2432 2168 2495 quae
2225 2418 2364 2475 tum
2415 2410 2776 2488 discebant,
2823 2409 3167 2473 institutus
3213 2408 3304 2471 sit

572 2515 843 2596 eiusque
876 2515 1211 2598 ingenium
1240 2537 1500 2599 semper
1528 2516 1956 2581 admirationi
1985 2516 2200 2580 fuerit.
2252 2516 2552 2595 Accedit,
2595 2516 2773 2601 quod
2801 2536 3025 2580 earum
3053 2535 3296 2591 rerum,

574 2642 737 2703 quas
784 2622 884 2683 vir
930 2621 1014 2685 ad
1064 2642 1198 2685 rem
1249 2623 1577 2705 publicam
1626 2624 2016 2707 aggrediens
2065 2624 2309 2706 optime
2369 2631 2738 2705 compertas
2785 2621 3027 2687 habere
3075 2620 3296 2699 debet,

568 2729 1093 2811 imperitissimus
1150 2729 1433 2812 fingitur.
1534 2731 1743 2794 Immo
1801 2754 1840 2794 a
1890 2730 2162 2795 Socrate
2217 2754 2351 2795 non
2401 2731 2593 2795 aliter
2637 2737 2961 2795 tractatur
3007 2751 3084 2793 ac
3131 2750 3300 2811 puer

571 2859 603 2898 a
676 2836 1118 2919 paedagogo.⁵
1208 2836 1354 2899 Hos
1420 2836 1790 2901 Alcibiadis
1865 2838 2040 2902 illius
2115 2837 2378 2921 superbi
2445 2846 2510 2901 et
2575 2838 2822 2920 gloriae
2889 2836 3296 2919 cupidissimi

572 2965 784 3005 mores
834 2963 973 3007 esse
1024 2943 1169 3025 quis
1219 2950 1337 3021 est,
1390 2945 1501 3027 qui
1553 2944 1821 3008 credat?

782 3046 1086 3127 Accedit,
1132 3050 1327 3132 quod,
1370 3052 1423 3113 si
1461 3051 1657 3115 Plato
1696 3073 1765 3113 re
1807 3073 1962 3115 vera
2001 3050 2417 3116 Alcibiadem
2457 3052 2972 3133 conscripsisset,
3013 3048 3292 3113 maxima

572 3154 924 3219 difficultas
972 3157 1317 3221 exsisteret
1362 3164 1559 3240 atque
1612 3160 2076 3236 controversia,
2128 3180 2296 3241 quae
2337 3160 2476 3222 sine
2518 3158 2717 3221 dubio
2759 3158 3115 3239 discipulos
3153 3156 3297 3219 eius

572 3271 637 3323 et
684 3262 901 3343 ipsum
950 3284 1210 3345 quoque
1259 3285 1393 3327 non
1442 3264 1731 3346 fugisset.
1803 3264 1883 3327 In
1933 3266 2122 3329 initio
2171 3266 2344 3330 enim
2393 3266 2712 3329 sermonis
2759 3263 3101 3329 Alcibiadi
3146 3263 3295 3345 plu-

568 3370 767 3431 rimos
834 3368 1032 3431 fuisse
1101 3377 1429 3434 amatores
1495 3378 1819 3447 narratur,
1889 3372 2002 3452 (1111
2059 3371 2546 3452 pulchritudine
2607 3372 2898 3454 corporis
2957 3370 3176 3435 allecti
3231 3371 3294 3431 ei

572 3476 1044 3539 insidiarentur
1088 3499 1303 3560 neque
1361 3476 1496 3540 ulla
1542 3498 1611 3539 re
1660 3478 1787 3540 nisi
1835 3477 2235 3541 intolerabili
2284 3480 2423 3541 eins
2471 3478 2818 3560 superbia⁶
2866 3477 3160 3541 deterriti
3209 3476 3295 3539 ab

570 3604 645 3641 ου
688 3582 1159 3646 discessissent.
1226 3584 1303 3647 P.
1351 3584 1467 3647 131
1490 3584 1543 3647 O
1583 3605 1764 3666 seqq.
1817 3592 2036 3647 autem
2083 3584 2177 3647 ita
2227 3584 2623 3666 depingitur,
2662 3592 2999 3667 tamquam
3039 3583 3294 3665 species

568 3690 858 3771 eorporis
924 3690 1052 3752 iam
1122 3689 1511 3752 deflorescat
1574 3690 1674 3753 vel
1744 3689 2140 3754 defloruerit.
2235 3689 2419 3773 Quae
2479 3712 2580 3753 res
2637 3712 2782 3753 cum
2839 3692 2938 3767 iis,
2999 3710 3167 3772 quae
3225 3689 3295 3752 in

568 3796 885 3858 (¹onvivio
933 3802 1306 3873 narrantur,
1356 3816 1781 3879 nequaquam
1831 3798 2202 3861 concinunt.
2302 3796 2514 3875 „Nam
2564 3798 2859 3862 Socratis
2915 3819 3061 3859 cum
3107 3794 3297 3859 Alci-

566 3900 761 3965 biade
813 3902 1233 3985 colloquium,
1280 3903 1454 3985 quod
1494 3904 1562 3966 in
1603 3902 1956 3968 Alcibiade
2006 3906 2214 3987 primo
2265 3906 2674 3987 proponitur,
2723 3904 3063 3988 aliquanto
3111 3903 3295 3985 prius

567 4009 811 4073 factum
872 4031 1012 4071 esse
1071 4030 1337 4072 necesse
1396 4017 1495 4073 est
1553 4033 1749 4093 quam
1807 4032 1885 4075 ea
1943 4012 2321 4089 acciderint,
2392 4033 2557 4093 quae
2621 4013 2686 4075 in
2739 4010 3084 4095 Symposio
3141 4030 3296 4073 nar-

784 4241 801 4275 1
842 4243 965 4293 Alc.
1010 4242 1035 4294 1
1079 4242 1177 4295 106
1199 4242 1256 4293 B.

780 4350 801 4383 ²
840 4350 1000 4401 (¹onf.
1042 4349 1184 4403 Xen.
1226 4350 1396 4402 Mem.
1437 4350 1461 4402 1
1505 4352 1555 4417 2,
1596 4351 1679 4404 39.

780 4457 802 4490 ³
839 4457 1025 4508 Alcib.
1068 4456 1099 4508 I
1136 4475 1187 4523 p.
1224 4457 1378 4509 lost(¹
1420 4474 1530 4523 seq.

780 4566 799 4597 ⁴
838 4564 1037 4624 Zellcr,
1076 4562 1403 4615 zeitschrift.
1446 4564 1535 4614 fiir
1575 4564 1671 4615 (las
1711 4563 2213 4613 Altm-tumswosen
2255 4562 2386 4615 1851
2431 4580 2482 4630 p.
2515 4563 2636 4616 260.

780 4671 800 4701 ⁵
839 4668 997 4719 Fons.
1041 4688 1165 4721 eum
1206 4670 1332 4736 alia,
1374 4674 1489 4719 tum
1539 4668 1697 4722 108ss
1738 4686 1849 4735 seq.

780 4774 801 4807 ⁰
840 4774 999 4825 Cous.
1047 4774 1203 4827 10313
1246 4792 1393 4841 seqq.
