3567 5109
1625 302 2091 366 -128—

500 473 754 550 tionem,
827 477 1306 556 παραινετικόν.
1376 476 1744 539 Praeterea
1818 476 2317 548 Quintilianum
2396 477 2657 540 Visellii
2734 477 2991 541 librum
3070 497 3245 542 non-

502 579 894 658 inspexisse
943 580 1195 658 colligo
1243 598 1328 644 ex
1377 581 1503 644 hac
1581 599 1675 659 re,
1737 583 1947 662 quod,
2007 600 2163 646 cum
2212 583 2627 646 sententiam
2668 599 2755 646 ex
2796 600 2879 646 eo
2926 583 3215 663 profert,

505 683 687 746 Celsi
766 683 970 746 simul
1035 685 1202 747 facit
1276 687 1692 749 mentionem
1711 686 1781 765 ¹).
1866 687 2111 766 Itaque
2157 687 2475 764 fortasse,
2569 705 2747 766 quae
2814 688 2900 750 de
2974 688 3213 751 Rutilii

505 789 682 868 Lupi
747 794 814 850 et
879 788 964 850 de
1030 788 1294 852 Visellii
1361 790 1616 869 figuris
1663 792 1969 869 adnotat,
2034 809 2121 854 ex
2168 793 2271 870 iis,
2318 809 2497 872 quae
2544 790 2914 856 Cornelius
2964 791 3213 855 Celsus

505 894 592 956 de
668 899 968 972 utroque
1045 895 1455 974 tradiderat,
1537 897 1889 961 indicavit.
1982 896 2304 960 Profecto
2390 896 2668 960 Celsum
2734 897 3031 959 aliorum
3126 897 3214 959 de

511 997 764 1076 figuris
821 1000 1203 1063 sententias
1261 1001 1760 1081 perstrinxisse
1808 1002 1957 1065 veri
2004 1002 2435 1065 simillimum
2481 1008 2620 1079 est3
2671 1021 2825 1064 nam
2874 1003 3006 1065 hoc
3052 1019 3217 1064 sane

509 1107 834 1184 congruit
898 1123 1054 1169 cum
1105 1106 1254 1168 eius
1311 1107 1669 1170 scribendi
1715 1107 2010 1184 ratione,
2079 1125 2289 1187 quam
2356 1107 2429 1168 in
2476 1106 2676 1170 libris
2745 1107 2833 1169 de
2878 1107 3219 1170 Medicina

505 1211 922 1290 compositis
969 1219 1246 1275 secutus
1293 1218 1416 1276 est.

718 1315 816 1378 De
875 1316 1302 1395 quaestione,
1361 1333 1539 1397 quae
1596 1321 1778 1380 ratio
1837 1318 2227 1382 intercedat
2282 1319 2466 1380 inter
2510 1318 2846 1394 rhetores,
2894 1319 3011 1397 qui
3056 1322 3219 1397 post

509 1419 787 1483 Celsum
839 1421 926 1483 de
973 1420 1224 1500 figuris
1270 1429 1580 1502 egerunt,
1647 1429 1714 1486 et
1758 1423 2125 1499 Isidorum,
2190 1421 2375 1486 hunc
2419 1422 2698 1485 illorum
2760 1421 3031 1485 libellos
3076 1439 3217 1484 non

509 1525 788 1588 novisse
853 1544 1068 1606 supra
1135 1527 1550 1590 monuimus.
1617 1527 1753 1591 Sed
1820 1528 1891 1590 in
1958 1528 2045 1590 iis
2111 1527 2503 1590 doctrinam
2570 1526 2955 1590 Celsianam
3004 1527 3217 1588 latere

509 1629 968 1710 suspicamur.
1033 1630 1286 1695 Iulium
1333 1631 1791 1696 Rufinianum
1854 1633 2137 1713 quidem
2202 1649 2297 1708 ea,
2345 1649 2523 1712 quae
2582 1631 2666 1694 de
2714 1631 3217 1694 sustentatione

510 1740 577 1796 et
630 1734 991 1815 inopinato
1037 1737 1268 1810 habet,
1315 1755 1400 1800 ex
1448 1735 1776 1801 Cornelio
1825 1736 2029 1801 Celso
2087 1737 2402 1801 hausisse
2448 1734 2817 1816 probabile
2864 1741 2987 1797 est.
3050 1735 3217 1798 For-

509 1845 691 1901 tasse
745 1839 856 1902 hic
921 1841 1166 1904 rhetor
1209 1842 1413 1904 etiam
1460 1843 1529 1904 in
1597 1843 2091 1918 exsecratione,
2158 1841 2661 1921 indignatione,
2710 1839 3215 1916 obsecratione,

512 1942 1058 2022 denuntiatione,
1121 1945 1624 2025 obiurgatione,
1689 1950 2110 2027 precatione,
2173 1945 2658 2009 adhortatione
2732 1945 3219 2008 describendis

513 2048 846 2126 quaedam
913 2068 1000 2111 ex
1047 2049 1250 2112 libris
1317 2050 1520 2129 Celsi,
1587 2070 1793 2132 quem
1854 2052 1975 2114 has
2037 2052 2307 2130 figuras
2370 2052 2697 2114 statuisse
2744 2049 3219 2122 Quintilianus

512 2157 827 2230 testatur,
877 2155 1190 2234 sumpsit.
1253 2155 1389 2219 Sed
1435 2156 1611 2219 nihil
1659 2160 1829 2220 certi
1878 2158 1963 2220 de
2009 2174 2091 2221 ea
2135 2173 2215 2219 re
2257 2172 2651 2236 proponere
2698 2172 3089 2235 possumus.
3133 2151 3218 2217 Id

513 2276 726 2320 unum
773 2277 955 2339 nego
986 2259 1240 2322 Iulium
1275 2261 1724 2325 Rufinianum
1771 2263 2003 2325 omnia
2046 2262 2168 2324 illa
2202 2262 2533 2341 exempla,
2580 2278 2759 2340 quae
2804 2277 2947 2324 non
2994 2259 3217 2322 solum

515 2380 598 2424 ex
647 2361 1002 2427 Ciceronis
1063 2371 1132 2428 et
1179 2364 1488 2444 Vergilii,
1554 2366 1678 2428 sed
1743 2367 1949 2429 etiam
2006 2385 2091 2430 ex
2153 2366 2379 2429 Plauti
2427 2371 2495 2428 et
2541 2365 2848 2428 Terentii
2896 2371 2967 2427 et
3012 2364 3217 2426 Ennii

514 2473 581 2528 et
636 2465 914 2530 Catonis
979 2475 1050 2532 et
1103 2469 1346 2533 Lucilii
1414 2477 1484 2534 et
1547 2471 1867 2534 Caesaris
1930 2472 2206 2552 scriptis
2270 2469 2557 2550 profert,
2622 2487 2706 2532 ex
2756 2467 3219 2550 scriptoribus

514 2571 686 2650 ipsis
742 2573 1127 2652 collegisse.
1173 2574 1376 2646 Quod
1423 2575 1608 2639 idem
1654 2577 2033 2639 tenendum
2082 2581 2185 2638 est
2232 2575 2317 2638 de
2348 2575 2601 2654 Aquila
2648 2574 2980 2650 Romano,
3025 2590 3218 2653 prae-

517 2677 756 2738 sertim
814 2695 970 2740 cum
1021 2697 1105 2740 ex
1153 2680 1373 2759 ipsius
1422 2681 1655 2744 verbis
1701 2682 1793 2761 (p.
1842 2685 1943 2758 22,
1988 2699 2048 2743 v.
2100 2687 2127 2740 1
2157 2699 2246 2744 ss.
2271 2679 2421 2758 H.):
2467 2675 2835 2740 Rhetoricae
2870 2677 3042 2761 petis
3090 2673 3219 2737 lon-

509 2779 713 2863 gioris
785 2802 1000 2844 morae
1071 2804 1154 2844 ac
1227 2780 1466 2870 diliyen
1476 2787 1603 2846 tiae
1671 2805 1865 2871 quam
1916 2805 2045 2868 pro
2116 2782 2436 2868 anqustiis
2498 2781 2815 2867 temporis,
2880 2777 3071 2864 quod
3112 2801 3219 2841 me

513 2880 860 2970 profecto
912 2893 1146 2970 urqet,
1201 2885 1460 2972 ideoque
1495 2895 1726 2974 posted
1788 2885 2046 2971 plenum
2110 2885 2221 2950 hoc
2268 2885 2389 2950 tibi
2428 2905 2660 2948 munus
2720 2881 3067 2946 reddemus.
3134 2879 3219 2944 In

513 2990 842 3070 praesenti
902 2999 1114 3054 autem
1179 2993 1439 3054 nomina
1507 2993 1803 3077 ipsarum
1850 2990 2215 3077 fiqurarum
2278 3013 2420 3053 cum
2477 2987 2779 3072 wemplis
2826 2988 3217 3071 percurrisse

516 3091 802 3178 sufficiat
849 3114 1005 3158 eum
1052 3097 1237 3161 hunc
1283 3098 1592 3162 libellum
1641 3100 1960 3162 celeriter
2008 3097 2506 3178 conscripsisse
2554 3095 2780 3158 conici
2822 3095 3065 3175 possit.
3131 3092 3221 3155 At

516 3203 588 3262 in
634 3199 840 3262 huius
896 3202 1204 3266 rhetoris
1248 3202 1484 3266 libello
1531 3211 1797 3266 certum
1846 3201 2153 3266 Cornelii
2199 3202 2569 3281 vestigium
2615 3199 3007 3280 repperisse
3054 3197 3220 3260 mihi

519 3304 764 3367 videor
827 3305 1039 3385 idque
1085 3325 1166 3370 eo
1215 3307 1387 3382 loco,
1453 3309 1572 3371 ubi
1618 3313 1767 3389 quot
1806 3325 2040 3390 yenera
2101 3305 2229 3367 sint
2273 3301 2643 3367 elocutionis
2706 3309 2971 3388 quotque
3014 3297 3219 3363 modis

517 3429 594 3470 ea
636 3417 896 3471 utamur
941 3412 1249 3492 disputat
1263 3433 1281 3490 ;
1331 3413 1523 3492 quod
1569 3413 1707 3477 iam
1755 3397 2137 3492 explicabo

726 3515 1144 3595 Ignoramus
1237 3517 1536 3597 quidem,
1625 3536 1787 3580 num
1874 3521 2145 3597 integer
2211 3514 2589 3578 Alexandri
2650 3514 2846 3589 liber,
2928 3529 3013 3574 ex
3080 3529 3219 3590 quo

521 3619 846 3700 Aquilam
909 3623 1180 3701 figuras
1246 3623 1698 3703 exscripsisse
1760 3622 1980 3685 Iulius
2045 3620 2457 3684 Rufinianus
2520 3615 2824 3698 tradit2),
2887 3617 3018 3678 hoc
3063 3616 3219 3678 loco

521 3728 724 3805 plura
774 3727 1184 3806 exhibuerit,
1243 3745 1448 3808 quam
1495 3727 1789 3804 libelluS,
1840 3731 1958 3806 qui
2014 3727 2143 3789 sub
2191 3728 2339 3788 eius
2385 3726 2665 3788 nomine
2710 3723 2797 3785 ad
2845 3722 3022 3784 hanc
3070 3738 3219 3800 per-

520 3831 711 3893 venit
775 3839 1081 3910 aetatem,
1148 3833 1273 3895 sed
1339 3836 1394 3894 si
1461 3849 1541 3894 ea
1589 3831 1752 3908 sola,
1804 3849 1979 3910 quae
2023 3831 2095 3892 in
2144 3829 2276 3892 hoc
2323 3829 2672 3907 leguntur,
2720 3826 3221 3890 contulerimus

523 3951 678 3998 cum
743 3937 842 4013 iis,
890 3955 1064 4016 quae
1111 3937 1364 4018 Aquila
1413 3935 1710 4012 exhibet,
1759 3935 1899 3997 iam
1966 3933 2460 4008 dubitabimuS,
2517 3949 2681 3994 num
2730 3929 2842 3992 hic
2886 3928 3083 3992 illum
3130 3928 3222 3990 sit

524 4049 802 4104 secutus
844 4049 1218 4121 auctorem,
1277 4043 1464 4122 quod
1499 4041 1805 4120 singulas
1862 4059 1976 4103 res
2022 4041 2220 4103 aliter
2266 4036 2599 4102 describit
2646 4041 2854 4115 atque
2904 4033 3042 4111 ille,
3084 4033 3219 4096 vel-

523 4150 660 4209 uti:
723 4154 814 4208 eat
879 4154 1088 4209 autem
1150 4169 1231 4210 ea
1299 4149 1687 4230 (περίοδος),
1753 4167 1919 4232 quae
1972 4144 2344 4207 sententiam
2408 4149 2578 4205 certa
2636 4137 2913 4225 quadam
2960 4137 3221 4200 circum-

523 4247 862 4331 scriptione
927 4247 1150 4336 defim't
1214 4262 1404 4340 atque
1470 4250 1843 4314 datm-minat
1912 4254 2002 4332 (p.
2055 4254 2154 4326 27,
2204 4255 2285 4310 25
2308 4267 2397 4311 ss,
2434 4246 2580 4324 H.):
2642 4246 2830 4308 Alex.
2861 4243 2966 4306 ΙΙΙ
3010 4263 3074 4323 p.
3116 4248 3221 4320 27,

524 4374 584 4419 v.
637 4359 710 4416 17
734 4375 823 4419 ss·
873 4359 1078 4438 (Sp.):
1129 4360 1454 4440 ’περίοδος
1497 4357 1616 4440 μὲν
1661 4355 1782 4421 οὖν
1828 4356 1963 4420 ἐστι
1992 4357 2185 4438 λόγος
2214 4357 2374 4416 ἄνευ
2403 4357 2827 4432 περιγραφῶν
2856 4348 2965 4410 καὶ
2994 4349 3223 4410 κώλων

527 4462 831 4524 συνθέσει
877 4463 1184 4546 αὐτοτελῆ
1231 4466 1533 4528 διανοίαν
1579 4462 1915 4545 ἐκφέρωυ’.
1966 4495 2047 4506 -—-
2098 4460 2325 4538 Atque
2366 4462 2551 4519 certe
2594 4473 2733 4517 non
2766 4471 2934 4516 casu
2967 4451 3221 4516 factum

737 4637 775 4698 ¹)
816 4637 881 4686 cf.
923 4637 999 4688 1x
1027 4639 1075 4698 2,
1107 4642 1222 4700 101,
1251 4641 1348 4689 106
1371 4651 1477 4703 sq.;
1517 4649 1646 4686 nam
1683 4637 1762 4686 lx
1790 4637 1838 4701 3,
1866 4637 1931 4685 89
1968 4633 2111 4684 nihil
2138 4631 2247 4682 nisi
2284 4644 2409 4682 eum
2436 4629 2505 4680 de
2528 4627 2726 4693 figuris
2748 4625 3036 4689 scripsisse
3072 4625 3226 4675 dicit.

735 4721 775 4791 ²)
814 4739 867 4787 p.
907 4729 998 4786 38,
1032 4731 1056 4777 1
1081 4741 1189 4790 sq.:
1232 4724 1494 4774 Hactenus
1531 4720 1720 4785 Aquila
1774 4720 2037 4772 Romanus
2074 4734 2139 4768 ex
2172 4717 2476 4769 Alexandro
2530 4713 2800 4782 Ναπιαιίος
2842 4711 3027 4762 exinde
3064 4709 3130 4760 ab
3166 4727 3225 4760 eo

523 4813 854 4882 praeteritae,
893 4812 1017 4861 aliie
1053 4813 1252 4878 quidem
1285 4810 1540 4876 protadio,
1558 4809 1921 4860 subtexuimus.
