3567 5109
1621 293 2097 356 -136—

509 487 637 566 (ἐξ.
696 493 788 561 13,
845 493 917 544 16
972 485 1153 564 [bis],
1225 493 1322 563 17,
1361 485 1468 561 21)
1518 491 1584 546 ct
1629 486 1701 545 in
1767 485 1986 564 capite
2036 485 2207 546 XXI.
2274 485 2477 546 huius
2524 486 2681 548 libri
2733 486 2836 563 (12
2881 504 3210 567 aryumen-

506 595 570 652 ta
613 585 1101 672 persuasibilia)
1150 607 1372 668 neque
1419 589 1600 668 apud
1647 588 1823 651 alios
1868 592 2245 668 scriptores
2276 593 2621 669 reperitur
2651 592 2782 652 nisi
2816 593 2885 650 in
2920 610 2970 651 s,
3003 593 3213 670 scrip-

509 705 700 758 turae
745 696 1181 758 versionibus
1227 695 1580 756 DemidOV.
1627 701 1694 756 et
1740 693 1934 755 Fuld.
1982 695 2069 756 ad
2114 696 2146 757 Ι
2192 695 2497 756 Corinth.
2547 699 2603 770 2,
2652 701 2687 754 4
2738 700 2806 757 et
2850 695 3031 775 apud
3061 696 3215 756 Hie-

514 819 886 888 ronymum
945 798 1134 878 bis¹).
1200 799 1389 870 Quae
1445 801 1502 860 si
1561 805 1746 861 recte
1802 803 2053 861 statuta
2114 807 2294 874 sunt,
2350 798 2478 862 hae
2532 799 2916 862 rhetoricae
2974 799 3214 862 defini-

511 910 776 976 tionum
859 907 1462 984 interpretationes
1545 905 1629 967 ad
1714 904 2111 967 Cornelium
2191 904 2467 968 Celsum
2542 904 2947 968 referendae
3022 911 3211 966 sunt:

511 1011 905 1074 Aristotelis
953 1013 1024 1070 in
1057 1010 1097 1088 ξ
1149 1015 1222 1070 13
1258 1014 1326 1071 et
1377 1015 1486 1084 16;
1541 1008 1871 1071 Patroclis
1922 1015 2033 1084 163
2084 1009 2433 1072 Theodori
2480 1009 2771 1073 Gadarei
2818 1013 2917 1071 21.
2979 1010 3219 1087 Itaque

511 1118 795 1178 nimium
861 1114 1268 1195 probavisse
1315 1120 1481 1193 puto
1547 1115 2052 1189 Morawskium,
2116 1131 2273 1175 cum
2320 1133 2403 1176 ex
2455 1114 2647 1177 Fabii
2689 1115 2924 1176 verbis
2970 1115 3065 1191 (ΙΙ
3116 1118 3217 1185 15,

513 1223 656 1299 21):
721 1217 831 1280 Ita
877 1216 1044 1279 enim
1098 1215 1261 1279 dicit
1309 1219 1791 1298 (Theodorus),
1854 1226 1922 1278 ut
1950 1217 2117 1300 ipsis
2162 1237 2381 1279 eorum
2424 1215 2635 1279 verbis
2676 1225 2843 1295 utar,
2906 1216 3021 1304 qui
3064 1217 3219 1278 haec

512 1346 587 1386 ea:
639 1322 882 1386 Graeco
935 1320 1396 1385 transtulerunt
1442 1324 1917 1386 demonstrare
1972 1331 2257 1386 conatus
2305 1331 2409 1386 est
2458 1331 2796 1384 ceterorum
2823 1323 2973 1408 fere
3026 1320 3221 1384 Grae-

515 1451 726 1490 corum
777 1426 1172 1514 difinitimtea
1227 1423 1696 1497 Quintilianum
1741 1427 1955 1510 ipsu-m
1998 1427 2251 1489 vertisse
2266 1429 2342 1507 2),
2388 1431 2519 1492 etsi
2564 1429 2859 1493 fortasse
2904 1435 3089 1490 recte
3136 1446 3221 1490 ex

515 1534 747 1598 verbis
800 1534 894 1613 (ΙΙ
949 1539 1046 1612 15,
1093 1535 1239 1609 23):
1295 1527 1625 1592 Cm‘tolaua
1681 1551 1865 1592 usum
1910 1528 2170 1592 dicendi
2240 1533 2417 1606 (ozam
2479 1530 2599 1593 hoc
2642 1534 2827 1614 τριβή
2872 1529 3221 1617 ειζφιῇιόαέ)

517 1657 674 1703 eum
725 1635 1004 1702 Critolai
1067 1633 1498 1717 definitionem
1549 1633 1805 1698 Graeca
1856 1633 2078 1720 linqua
2114 1633 2439 1720 prolatam
2484 1645 2626 1698 ante
2672 1635 2887 1700 oculos
2930 1635 3223 1699 habuisse

517 1743 870 1806 conclusit.

723 1847 822 1910 De
855 1848 1218 1928 capitibus,
1267 1865 1438 1927 quae
1473 1853 1875 1925 sequuntur,
1924 1847 2089 1910 haec
2135 1852 2297 1908 sunt
2344 1845 2651 1909 dicenda.
2700 1845 2979 1910 Celsum
3029 1865 3221 1911 accu-

518 1956 732 2016 ratius
791 1953 876 2015 de
922 1953 1304 2015 rhetoricae
1351 1955 1636 2015 materia
1687 1955 1913 2032 egisse
1961 1970 2170 2031 supra
2216 1951 2703 2022 in‚dicavimus;
2754 1970 2965 2031 quare
3012 1952 3222 2024 Quin·

520 2060 830 2120 tilianum
878 2076 1034 2119 eum
1082 2061 1152 2120 in
1186 2060 1402 2137 capite
1437 2058 1614 2120 XXI.
1658 2059 1861 2118 huius
1910 2057 2064 2119 libri
2102 2056 2610 2119 conscribendo
2644 2075 2783 2119 non
2832 2058 3227 2138 neglexisse

519 2164 684 2224 mihi
749 2162 1106 2243 probabile
1175 2169 1308 2238 est3
1360 2163 1536 2225 adde
1595 2162 1783 2241 quod
1830 2163 2235 2224 adiectivum
2275 2158 2735 2243 persuasibz‘le,
2806 2163 2995 2240 quod
3044 2164 3227 2226 Celsi

521 2269 883 2347 proprium
915 2284 1067 2329 esse
1089 2267 1457 2328 ostendere
1479 2266 1887 2343 studuimuS‚
1925 2269 2123 2329 etiam
2144 2267 2452 2328 hocloco
2484 2269 2844 2346 reperitur.
2876 2269 3227 2332 Praeterea

525 2371 796 2449 FabiuS,
845 2371 965 2432 ubi
1013 2374 1081 2434 in
1130 2389 1210 2433 eo
1259 2378 1586 2447 versatur,
1633 2377 1710 2433 ut
1757 2372 2171 2434 rhetoricam
2230 2387 2379 2433 esse
2426 2377 2638 2433 artem
2689 2372 3115 2435 demonstret
3160 2381 3227 2436 et

525 2479 691 2540 artis
749 2477 1246 2540 obtrectatores
1309 2477 1576 2553 refutet,
1625 2495 1899 2557 semper
1962 2476 2111 2540 fere
2160 2495 2401 2539 eorum
2446 2480 2778 2540 rationem
2846 2478 3067 2558 habet,
3115 2477 3228 2564 qui

515 2567 904 2662 persuade-re
942 2579 1144 2660 finem
1199 2588 1590 2664 putaverunt
1657 2582 1753 2661 (II
1824 2587 1918 2658 17,
1968 2583 2100 2660 23),
2148 2590 2216 2643 et
2260 2599 2405 2644 rem
2453 2585 2542 2645 ita
2588 2585 2745 2662 agit,
2793 2589 2867 2644 ut
2911 2591 3229 2664 appareat
3296 2605 3300 2610 ·

522 2685 678 2748 haec
727 2683 1040 2748 adversus
1101 2706 1199 2747 eoa
1265 2707 1506 2772 quoque
1537 2686 1803 2770 frustra
1847 2685 2226 2768 eaecoqitata,
2292 2684 2411 2771 qui
2448 2682 2639 2748 malis
2680 2683 2961 2748 utoribus
3004 2707 3227 2750 nomen

526 2789 806 2853 orato-ria
866 2787 1245 2874 indulqeant
1310 2793 1500 2873 (ibid.
1569 2793 1696 2872 32).
1761 2792 1909 2864 Qua
1975 2796 2041 2854 in
2106 2810 2181 2854 re
2229 2790 2361 2853 sibi
2408 2810 2547 2855 non
2596 2797 2880 2869 constat,
2928 2811 3084 2856 cum
3134 2811 3228 2871 ea,

527 2915 699 2975 quae
756 2897 826 2960 II
892 2904 991 2974 17,
1079 2905 1152 2958 19
1222 2895 1358 2977 (eqo
1422 2893 1774 2958 rhetoricen
1836 2915 2310 2982 nonnumquam
2372 2893 2583 2956 dicere
2627 2893 2821 2982 falsa
2882 2919 3000 2978 pro
3060 2895 3231 2959 veris

525 2999 855 3082 confiteor)
906 3008 972 3063 et
1021 3009 1098 3064 35
1165 3000 1324 3081 (non
1387 3021 1634 3084 semper
1695 3007 1915 3062 autem
1976 2997 2057 3074 ei,
2119 2998 2377 3062 etiamsi
2401 2999 2947 3087 fi·equenti88imc,
2994 2999 3230 3064 tuenda

517 3105 770 3167 ‚veritas
800 3103 945 3182 erit,
967 3103 1078 3167 sed
1105 3102 1465 3192 aliquando
1487 3102 1686 3189 exigit
1709 3103 2051 3168 communia
2070 3102 2341 3184 utilitas,
2372 3112 2439 3167 ut
2462 3106 2660 3167 etiam
2672 3103 2868 3192 falsa
2891 3104 3231 3192 defendat)

527 3211 811 3292 profert,
843 3211 945 3290 iis,
988 3212 1239 3290 quibus
1273 3211 1570 3287 Celsum,
1605 3212 1794 3290 quod
1843 3218 2187 3275 oratorem
2222 3213 2446 3275 simile
2494 3218 2757 3276 tantum
2802 3216 2949 3276 veri
2998 3218 3231 3292 petere

530 3320 858 3393 statuerit,
921 3318 1380 3396 reprehendit,
1445 3324 1859 3397 repugnant.
1942 3317 2207 3389 Quibus
2286 3335 2371 3380 ex
2446 3320 2661 3381 rebus
2736 3319 3229 3390 Quintilianum

529 3423 821 3486 fortasse
867 3422 977 3484 hic
1025 3422 1316 3497 Celsum,
1365 3426 1561 3500 sequi
1609 3430 1958 3485 auctorem
2008 3424 2419 3486 concludere
2467 3442 2854 3504 possumus,

735 3526 1010 3590 Celsum
1069 3526 1154 3588 de
1201 3527 1422 3589 tribus
1480 3544 1835 3590 causarum
1889 3529 2259 3606 generibus
2320 3531 2542 3608 egisse
2590 3530 2842 3607 colligo
2890 3547 2975 3592 ex
3025 3529 3231 3601 Quin-

531 3633 745 3694 tiliani
792 3632 1041 3706 verbiS,
1091 3631 1341 3709 quibus
1389 3648 1564 3708 eum,
1613 3632 1800 3710 quod
1848 3630 1922 3690 de
1985 3629 2173 3692 nulla
2238 3652 2304 3693 re
2350 3629 2671 3692 dicturum
2716 3637 3045 3708 oratorem,
3108 3631 3239 3694 nisi

531 3733 606 3796 de
653 3754 781 3820 qua
828 3737 1240 3820 quaeram-³)
1288 3739 1796 3811 existimaverit,
1846 3741 2077 3817 carpit.
2128 3737 2380 3800 Fabius
2428 3740 2629 3807 enim,
2677 3741 2734 3799 si
2789 3737 2907 3799 ille
2960 3739 3234 3801 laudem

534 3847 602 3904 et
643 3843 1219 3920 vituperationem
1270 3845 1560 3904 oratoris
1594 3861 1732 3903 non
1782 3858 1935 3904 esse
1982 3845 2347 3914 statuisset,
2398 3843 2625 3904 dicere
2670 3843 2789 3904 vix
2823 3846 3080 3923 potuit:
3131 3842 3240 3902 cui

537 3965 678 4006 cum
723 3943 1010 4004 mam-ima
1050 3963 1214 4026 pars
1259 3945 1654 4028 scriptorum
1697 3953 2034 4030 repuqnat,
2084 3953 2211 4006 tiam
2259 3947 2447 4006 etiam
2492 3944 2667 4029 ipsa
2702 3945 3063 4029 ρανεὶιτό,
3104 3944 3240 4007 nisi

518 4049 700 4134 forte
765 4045 1056 4124 laudare,
1117 4067 1278 4134 quae
1328 4057 1615 4110 constet
1662 4070 1791 4111 esse
1855 4049 2135 4122 honesta,
2201 4059 2255 4110 et
2303 4049 2683 4134 vituperare,
2732 4071 2891 4136 quae
2936 4071 3028 4112 ea:
3075 4070 3236 4112 con-

521 4153 744 4238 fesso
791 4151 924 4215 sint
973 4153 1215 4234 turpia,
1259 4173 1386 4214 non
1425 4161 1514 4213 est
1559 4151 1836 4216 oratoris
1883 4153 2265 4238 officiumst).
2312 4193 2396 4199 --
2445 4157 2603 4218 Sine
2652 4157 2863 4218 dubio
2913 4156 3043 4218 hoc
3090 4155 3237 4219 fere

538 4259 748 4321 modo
783 4261 928 4320 eius
962 4261 1369 4320 sententiam
1402 4259 1806 4322 refutasset:
1850 4259 2148 4322 ‘Celsum
2182 4261 2253 4323 id
2290 4264 2611 4322 statuisse
2645 4281 2783 4322 non
2818 4267 2919 4322 est
2970 4263 3238 4334 mirum,

753 4525 788 4582 1)
827 4523 928 4581 Ep.
969 4525 1052 4586 65,
1092 4525 1148 4586 9;
1190 4521 1354 4588 Vulg.
1394 4523 1420 4570 Ι
1460 4522 1710 4570 Corinth.
1749 4525 1800 4585 2,
1840 4525 1888 4570 4.

751 4609 790 4666 ²)
827 4607 864 4657 l.
901 4620 945 4655 s.
982 4622 1034 4668 p.
1079 4611 1142 4656 10
1162 4621 1244 4669 sq.

751 4693 789 4752 ³)
831 4693 917 4741 111
957 4696 1004 4756 5,
1045 4697 1092 4742 3.

749 4781 788 4838 ⁴)
827 4779 967 4828 ibid.
