3567 5109
1436 316 1876 379 -95-

293 527 584 592 stionum
650 526 998 612 generibus
1063 528 1377 610 expositis
1434 527 1516 592 de
1573 528 1888 593 orationis
1934 528 2234 612 partibus
2284 549 2494 594 sermo
2541 529 3017 593 institueretur.

292 631 400 698 De
447 655 578 717 qua
627 635 903 699 materia
931 633 1346 718 Augustinus
1395 634 1605 700 obiter
1648 642 1909 700 tantum
1954 635 2024 701 in
2076 642 2309 720 quarto
2348 635 2453 700 De
2493 634 2792 700 doctrina
2830 635 3019 701 Chri-

296 740 514 806 stiana
560 739 730 806 libro
748 742 772 780 ²
815 741 979 806 haec
1026 762 1241 824 pauca
1289 748 1782 807 commemorat:
1830 743 2009 807 Nam
2052 765 2205 808 eum
2235 765 2357 827 per
2392 749 2599 806 artem·
2633 743 3019 808 rhetoricam-

294 853 356 912 et
397 869 550 912 ret-a
591 850 957 914 suadentur
1001 854 1064 912 et
1103 849 1295 932 falsa,
1360 850 1510 933 quis
1571 851 1813 914 audeat
1861 850 2067 914 dicere
2120 851 2431 914 adversus
2487 850 2898 914 mmdzmbem
2944 851 3015 912 ive

292 954 738 1038 defensoribus
781 955 925 1020 sais
979 956 1296 1020 {nemnem
1351 955 1568 1019 debere
1612 956 1956 1020 eoasistere
2010 957 2362 1038 veritatem,
2432 962 2507 1020 at
2564 956 2849 1020 videlieet
2898 956 3017 1036 illi,

291 1061 412 1145 qui
471 1083 574 1125 res
624 1062 830 1145 falsas
876 1063 1270 1146 persuadere
1323 1067 1666 1144 conantur,
1732 1063 2100 1127 noverint
2153 1064 2591 1127 auditorem
2636 1064 2758 1126 vel
2800 1063 3013 1126 bene-

291 1169 544 1232 volam
583 1169 700 1232 vel
730 1169 1126 1233 intentam
1170 1170 1288 1232 vel
1321 1168 1636 1234 docilem
1677 1169 2073 1253 prooemio
2119 1169 2405 1252 faeere;
2454 1169 2598 1234 ‘iste‘
2631 1191 2783 1233 non
2822 1190 3015 1232 nore-

288 1275 471 1338 rt‘nt?
538 1273 684 1338 Illi
735 1275 944 1358 falsa
1001 1275 1352 1356 breviter,
1409 1281 1688 1359 aperte,
1755 1275 2340 1352 verisimiliter,-
2409 1275 2510 1340 et2‘
2560 1274 2679 1338 v‘sti
2730 1296 2881 1340 vera
2926 1276 3019 1338 si(-

288 1387 581 1462 narrent,
603 1386 684 1444 ut
696 1381 928 1445 audire
948 1381 1208 1462 taedeat,
1237 1381 1596 1465 intelleyere
1618 1403 1748 1445 non
1761 1387 2003 1466 pateat,
2026 1383 2273 1446 eredere
2282 1387 2609 1466 postremo
2625 1402 2759 1446 non
2783 1382 3015 1445 libeat?

506 1485 638 1552 Sed
702 1487 836 1552 iam
900 1489 969 1552 in
1026 1487 1149 1566 his,
1218 1508 1387 1570 quae
1445 1488 1638 1552 modo
1697 1488 1776 1552 de
1824 1486 2187 1572 Augustini
2242 1488 2612 1571 praeceptis
2668 1488 3011 1552 rhetoricis

291 1595 760 1676 congessimuS,
808 1594 1146 1678 paulisper
1193 1595 1650 1660 consistamus.
1717 1594 1955 1680 Neque
2002 1596 2174 1660 enim
2220 1594 2411 1659 nobis
2459 1593 2757 1677 pluribus
2803 1594 3017 1659 verbis

291 1722 457 1784 opus
505 1708 622 1781 est,
670 1707 747 1766 ut
791 1701 1234 1786 fragmentum
1281 1700 1449 1767 illud
1497 1703 1656 1767 artis
1705 1702 2097 1781 rhetoricae,
2148 1703 2332 1767 cuius
2380 1708 2713 1767 auctorem
2751 1700 3017 1766 investi-

291 1808 510 1890 gaturi
545 1829 790 1888 sumus,
829 1829 912 1873 ne
953 1808 1260 1891 discipuli
1299 1808 1562 1892 quidem
1596 1808 1959 1892 Augustini
1999 1808 2604 1874 commentariolum
2642 1828 2785 1874 esse
2824 1828 3017 1890 posse

292 1913 830 1980 demonstremus
889 1915 1256 1998 Praecepta
1304 1915 1476 1980 enim
1523 1915 1607 1980 ab
1656 1915 2021 1999 Augustini
2075 1916 2416 1980 sententiis
2474 1934 2741 1998 prorsus
2800 1914 3016 1980 aliena

289 2021 406 2084 illo
455 2020 825 2105 fragmento
875 2022 1318 2086 continentur.
1394 2024 1648 2088 Aliter
1693 2025 1894 2088 enim
1945 2023 2439 2107 Auyastinas
2484 2043 2682 2106 quam
2729 2023 3015 2086 incertus

289 2127 402 2192 ille
447 2127 804 2212 fragmenti
851 2130 1134 2212 scriptor
1179 2131 1262 2193 de
1307 2129 1587 2213 offtev‘o
1631 2132 1973 2195 oratoris·
2019 2128 2422 2211 disputabat,
2481 2130 2719 2194 aliter
2770 2130 3013 2212 finem

288 2237 774 2319 eloquentiae
845 2235 1205 2314 indicabat,
1290 2237 1525 2300 aliter
1597 2238 1965 2302 divisisse
2038 2236 2297 2301 videtur
2368 2243 2575 2302 totam
2651 2235 3013 2302 rhetoricae

287 2344 718 2408 materiam.

504 2448 730 2532 Atque
768 2450 1146 2528 rationales,
1193 2455 1270 2514 ut
1305 2449 1519 2514 verbis
1557 2449 1913 2532 fragmenti
1950 2457 2119 2529 utar,
2171 2451 2593 2535 quaestiones
2630 2453 2720 2515 ab
2750 2453 3008 2534 Anqu-

285 2557 494 2620 stmo
542 2562 695 2620 tres
741 2557 901 2640 poni
949 2557 1144 2621 modo
1194 2556 1582 2636 audivimus,
1642 2577 1789 2620 cum
1834 2557 2261 2641 fraymentt'
2304 2564 2576 2622 auctor
2630 2578 2741 2620 eas
2788 2563 3008 2640 quat-

289 2670 462 2726 tuor
507 2684 650 2728 esse
695 2665 950 2728 zerbis
995 2663 1398 2747 gravissimis
1444 2662 1863 2728 contendat⁸.

501 2769 750 2834 Earum
815 2791 966 2835 vero
1023 2791 1260 2850 rerum,
1321 2791 1486 2854 quas
1547 2769 1963 2854 Augustinus
2020 2771 2089 2834 in
2145 2770 2496 2853 prooemiis
2550 2769 2873 2834 faciendis
2930 2768 3013 2832 ab

291 2875 662 2941 oratoribus
710 2877 1042 2942 observari
1089 2877 1248 2955 vult,
1291 2878 1361 2941 in
1406 2877 1780 2960 fragmento
1829 2898 1913 2942 ne
1961 2876 2158 2942 verbo
2210 2877 2475 2962 quidem
2524 2875 2597 2941 fit
2646 2876 2906 2940 mentio.

505 2985 832 3065 Accedit,
862 2985 1614 3068 qzaeodHe›·77ta90ra8‚
1645 3007 1813 3048 eam
1839 2986 2268 3068 fraymente'
2302 2985 2609 3048 auctori
2634 2985 3013 3048 maximae

289 3090 398 3153 sit
440 3091 973 3173 admirationi,
1021 3092 1229 3176 apud
1273 3092 1801 3175 Auyustinum
1852 3093 2069 3156 nullo
2118 3093 2273 3156 loeo
2318 3091 2793 3155 nominatur.

504 3193 638 3260 Sed
681 3197 814 3261 iam
860 3196 1233 3279 fragmento
1289 3196 1427 3278 ille,
1498 3198 1675 3281 quod
1732 3198 1818 3262 ad
1866 3197 2227 3280 Augustini
2282 3204 2636 3280 praecepta
2684 3195 3014 3261 rhetorica

287 3302 746 3386 investiganda
793 3303 1040 3369 nullius
1088 3312 1188 3369 est
1233 3304 1562 3384 utilitatis,
1609 3305 1832 3383 misso,
1894 3303 2052 3388 quid
2102 3304 2333 3369 doctor
2379 3303 2691 3369 ecclesiae
2741 3325 2809 3369 re
2857 3326 3011 3368 vera

290 3410 370 3474 de
418 3410 544 3475 hac
592 3418 732 3476 arte
779 3413 1205 3494 praeceperit,
1253 3413 1682 3496 inquiramus

500 3517 727 3602 Atque
776 3518 889 3582 lux
935 3519 1158 3602 aliqua
1205 3519 1486 3602 epistula
1533 3518 1648 3584 illa
1695 3518 2014 3598 adfertur,
2067 3540 2263 3601 quam
2311 3525 2462 3583 ante
2500 3541 2747 3583 annum
2787 3540 2849 3600 p.
2892 3518 3010 3584 Ch.

285 3643 350 3688 n.
382 3626 566 3689 411.⁴
602 3625 1020 3709 Augustinus
1059 3626 1146 3691 ad
1183 3625 1600 3704 Dioscorum,
1644 3623 1976 3690 Graecum
2009 3625 2335 3707 quendam
2374 3625 2681 3704 nobilem,
2722 3626 3007 3688 miserat.

287 3729 416 3815 Qui
455 3731 832 3817 Augustino
873 3753 990 3815 per
1029 3733 1378 3814 epistulam
1417 3731 1656 3797 multas
1696 3733 2115 3816 quaestiones
2155 3753 2233 3796 ex
2264 3731 2600 3797 Ciceronis
2639 3730 2821 3796 libris
2863 3754 3009 3796 cum

285 3838 364 3902 de
414 3840 527 3917 eiS,
579 3839 813 3922 quibus
860 3839 1404 3922 philosophorum
1452 3841 1876 3904 continentur
1918 3845 2291 3922 praecepta,
2341 3848 2481 3903 tum
2532 3839 2609 3903 de
2656 3837 2844 3916 libro,
2896 3841 3007 3922 qui

281 3945 662 4009 inscribitur
714 3945 1059 4024 „Orator“,
1105 3953 1172 4011 et
1217 3947 1295 4011 de
1345 3946 1530 4010 libris
1575 3945 1806 4025 tribus,
1857 3948 1969 4030 qui
2017 3952 2171 4011 sunt
2214 3945 2355 4024 „De
2397 3953 2719 4024 oratore“,
2770 3966 3007 4028 propo-

284 4053 416 4115 suit
473 4051 820 4118 solvendas
878 4075 1096 4132 omne,
1142 4061 1218 4118 ut
1265 4061 1515 4118 mature
1564 4055 1648 4118 ad
1697 4075 1808 4118 eas
1848 4053 2291 4137 responderet.
2348 4053 2641 4117 Excusat
2678 4074 2745 4116 se
2785 4073 3007 4116 neees-

501 4280 522 4314 ²
559 4282 594 4334 l.
634 4281 669 4333 1.
700 4281 788 4336 IV
825 4284 876 4349 2,
914 4283 964 4337 3.

497 4369 520 4404 ²
555 4369 815 4424 Fortasse
854 4372 1132 4440 particula
1168 4379 1231 4440 et,
1271 4391 1438 4441 quam
1477 4373 1751 4426 editiones
1789 4372 2077 4441 praebent,
2116 4371 2353 4424 delenda
2389 4377 2489 4424 est.

401 4451 412 4460 ’
497 4459 520 4492 ³
557 4459 640 4511 Cf.
683 4477 728 4512 c.
759 4461 814 4513 9:
857 4460 1038 4528 Iye'tur
1074 4461 1372 4515 rationales
1408 4479 1501 4515 seu
1541 4462 1744 4529 loqe'eae
1791 4461 2131 4528 quaes-nones
2177 4461 2323 4528 fiunt
2363 4461 2539 4513 modis
2576 4467 2872 4528 quattuor.

281 4548 370 4600 De
407 4554 650 4616 quarta
695 4565 930 4616 ‘ma-qm!
979 4552 1316 4602 eontentio
1355 4556 1491 4604 est.
1613 4590 1624 4602 .
1689 4551 1811 4602 Sed
1860 4551 2037 4603 iuter
2083 4567 2303 4602 omnes·
2341 4549 2788 4618 IIvrmaymwe
2820 4569 3005 4619 μιαρ-

281 4635 470 4688 cellit
506 4637 905 4706 affector-itas,
943 4638 1154 4706 quiet
1189 4639 1881 4708 quaestionempntat
1916 4645 1975 4691 et
2016 4638 2343 4708 2'·721»1'1111's
2382 4657 2691 4692 neeessar
2704 4657 2854 4692 vam.

496 4726 519 4757 ⁴
554 4724 627 4779 In
683 4727 929 4780 sectione
986 4728 1133 4780 enim
1185 4728 1268 4794 12,
1326 4745 1436 4798 qua
1489 4728 1742 4782 haereses
1790 4729 1971 4782 varias
2019 4732 2323 4794 enumer,at
2378 4729 2626 4782 nondum
2673 4727 3003 4796 Pelagianos

281 4819 699 4868 commemorat.
