3567 5109
1652 285 2090 347 -10-

510 492 791 578 ephoros
837 496 1197 579 providere,
1246 502 1320 559 ut
1367 518 1525 579 gens
1582 497 1842 579 integra
1889 497 1994 574 sit,
2045 518 2174 578 qua
2216 495 2296 559 de
2354 516 2555 559 causa
2613 516 2845 558 uxores
2883 516 3106 576 regum
3147 494 3236 557 ab

508 600 640 666 illis
680 604 1016 683 custodiri,
1056 625 1138 667 ue
1188 626 1265 667 ex
1304 603 1435 667 alio
1484 602 1768 687 quodam
1811 624 1920 667 rex
1977 603 2235 667 futurus
2283 609 2664 685 procreetur
2711 624 2908 683 quam
2955 622 3034 665 ex
3079 622 3236 683 rege

484 711 681 791 -ipso;
727 710 909 793 apud
956 709 1195 774 Persas
1242 730 1326 773 ne
1375 710 1811 791 suspicionem
1862 709 2126 791 quidem
2171 708 2371 773 talem
2419 709 2728 779 exsistere
2775 728 2988 790 posse.

806 820 877 900 β)
945 815 1316 895 Accedere,
1386 816 1564 899 quod
1630 838 1816 898 reges
1882 815 2217 881 liberalius
2283 816 2646 879 educentur
2713 836 2908 899 quam
2973 814 3234 877 nobiles

506 923 1034 1003 Atheniensium,
1065 946 1213 987 cum
1242 924 1486 987 Persae
1518 946 1558 987 a
1588 924 1807 1005 pueris
1839 922 2333 1005 diligentissime
2363 922 2780 1001 erudiantur3
2811 920 3230 985 Alcibiadem

506 1036 723 1095 autem
790 1032 1017 1114 inepto
1084 1052 1267 1095 servo
1324 1032 1639 1113 magistro
1688 1052 1878 1093 usum
1927 1050 2096 1109 esse;
2167 1028 2396 1093 eodem
2443 1028 2638 1092 modo
2687 1048 2819 1091 rem
2871 1048 2940 1091 se
2985 1026 3232 1091 habere

504 1137 684 1220 apud
732 1158 916 1219 reges
964 1137 1658 1201 Lacedaemoniorum.

810 1245 875 1331 7)
920 1244 1077 1307 Non
1125 1245 1341 1307 minus
1388 1242 1806 1307 Alcibiadem
1857 1242 2098 1305 divitiis
2139 1248 2204 1305 et
2241 1263 2476 1325 pecore
2519 1248 2584 1306 et
2619 1242 2821 1305 servis
2861 1245 2926 1304 et
2961 1239 3232 1303 metallo

506 1351 879 1415 inferiorem
946 1372 1109 1415 esse.
1210 1351 1296 1415 Ut
1351 1349 1914 1415 Lacedaemonios
1973 1348 2394 1413 divitissimos
2445 1348 2850 1413 Graecorum
2907 1368 3070 1425 esse,
3133 1346 3226 1410 ita

506 1478 618 1521 eos
682 1480 721 1521 a
786 1457 1049 1539 regibus
1118 1458 1250 1519 suis
1316 1457 1595 1520 maxime
1652 1456 1966 1537 superari.
2063 1456 2249 1538 Quae
2307 1456 2530 1519 omnia
2577 1454 2928 1519 Persarum
2984 1453 3232 1516 divitiis

506 1564 757 1642 cedere,
809 1564 919 1646 qui
967 1570 1143 1627 totas
1190 1571 1399 1627 terras
1447 1563 1534 1626 ad
1584 1569 1887 1627 ornatum
1945 1564 2211 1645 reginae
2259 1562 2662 1645 permittant.
2759 1558 2831 1624 Si
2878 1557 3227 1637 AmestriS,

507 1672 679 1752 regis
734 1670 1085 1734 Persarum
1149 1677 1379 1749 mater,
1448 1676 1875 1753 cognosceret
1919 1668 2338 1733 Alcibiadem
2407 1689 2554 1731 cum
2610 1668 2829 1731 Persis
2898 1672 3228 1730 certamen

504 1778 819 1841 initurum
870 1798 1029 1855 esse,
1080 1783 1342 1859 putaret
1389 1798 1537 1841 eum
1584 1778 1862 1841 scient-ia
1909 1783 1973 1840 et
2010 1775 2244 1839 litteris
2283 1798 2428 1839 cum
2468 1776 2549 1838 iis
2588 1782 2860 1852 certare,
2911 1774 3012 1837 sin
3053 1794 3227 1836 com-

507 1884 751 1967 periret
796 1880 1214 1947 Alcibiadem
1264 1883 1343 1947 de
1392 1882 1635 1947 divitiis
1676 1905 1822 1947 cum
1861 1883 1940 1945 iis
1979 1889 2252 1962 certare,
2303 1904 2448 1945 eum
2488 1886 2706 1945 mente
2745 1900 2968 1944 carere
3007 1880 3226 1944 existi-

503 1996 730 2053 maret.
822 1990 931 2052 Ita
996 1991 1192 2054 etiam
1239 1989 1585 2071 LampidO,
1655 1989 1894 2071 Agidis
1959 1996 2184 2067 mater,
2251 1989 2600 2067 iudicaret3
2671 1988 2787 2051 sed
2843 1994 3036 2069 turpe
3084 2008 3228 2049 esse

482 2095 808 2159 ‚mulieres
856 2096 1141 2159 hostium
1188 2094 1495 2159 subtilius
1542 2096 1623 2159 de
1673 2096 2063 2160 adversariis
2109 2095 2424 2159 iudicium
2485 2094 2672 2172 ferre,
2733 2116 2928 2176 quam
2974 2094 3096 2158 hos
3146 2093 3231 2157 de

504 2225 573 2266 se
618 2204 800 2285 ipsiS.

718 2310 865 2393 Qua
932 2309 1379 2391 disputatione
1447 2308 1835 2373 adulescens
1911 2308 2418 2390 superbissimus
2493 2309 2863 2372 convictum
2939 2328 3006 2371 se
3081 2327 3230 2369 csse

504 2416 871 2479 confitetur.

626 2626 709 2691 B.
762 2626 1127 2689 Alcimedes
1175 2628 1485 2711 ''tetelleye't
1526 2628 1657 2691 siba·
1702 2628 1834 2711 ipse·
1868 2628 2168 2711 primum
2218 2650 2374 2691 cnm
2383 2650 2446 2689 m
2493 2648 2623 2690 esse
2667 2626 3097 2689 mlhilwmlam

1225 2736 1561 2816 (ἐπιμέλεια
1609 2736 1861 2815 ἑαυτοῦ)
1913 2736 2071 2816 (124
2083 2734 2148 2797 B
2161 2772 2243 2779 -
2262 2738 2390 2797 133
2407 2736 2434 2791 (
2447 2736 2506 2815 9.

564 2912 618 2974 Ἰ.
670 2910 1137 2975 Alcibiades
1186 2911 1483 2975 fatetur
1532 2934 1606 2976 se
1656 2912 1975 2993 fugisse,
2029 2912 2414 2993 quomodo
2463 2911 2824 2975 meliores
2872 2910 3150 2973 fiamus.

621 3029 627 3036 ’
1567 3017 2158 3092 (124Β-127Ε).

718 3160 887 3223 Tum
926 3160 1229 3223 concedit
1260 3160 1382 3247 sibi
1421 3160 1491 3223 id
1520 3162 1848 3241 agendum
1887 3184 2049 3239 esse,
2097 3167 2171 3223 ut
2209 3162 2335 3223 sibi
2373 3162 2514 3243 ipse
2553 3158 2855 3224 consulat
2893 3166 2959 3223 et
2995 3157 3232 3222 melior

501 3266 635 3329 fiat.
687 3267 1141 3347 Interrogatus
1190 3290 1228 3330 a.
1270 3265 1561 3343 Socrate,
1612 3267 1850 3349 quibus
1896 3268 1965 3331 in
2015 3267 2210 3331 rebus
2259 3267 2556 3331 meliores
2603 3289 2724 3331 nos
2769 3268 2911 3331 fieri
2957 3287 3228 3330 necesse

504 3373 608 3449 sit,
674 3374 1057 3454 respondet:
1126 3374 1194 3437 in
1242 3374 1322 3436 iis
1369 3375 1672 3455 negotiiS,
1742 3396 1908 3457 quae
1959 3375 2116 3437 boni
2175 3376 2290 3438 viri
2341 3374 2696 3457 prudentes
2743 3375 3020 3451 faciant3
3090 3394 3224 3455 qua,

500 3479 779 3562 quisque
824 3480 894 3542 in
944 3500 1011 3542 re
1060 3480 1350 3561 prudens
1399 3486 1517 3558 est,
1584 3482 1652 3544 in
1702 3482 1934 3545 eadem
1980 3481 2214 3560 bonuS,
2281 3483 2348 3545 in
2400 3503 2532 3564 qua
2577 3480 2978 3563 imprudenS,
3027 3480 3098 3543 in
3143 3502 3222 3542 ea

496 3606 631 3648 non
672 3585 885 3649 bonus
925 3592 1043 3648 est.
1110 3586 1246 3649 lam
1276 3585 1582 3650 Socrates
1622 3588 1962 3652 concludit
2001 3596 2289 3654 sutorem
2337 3590 2408 3653 in
2448 3588 2909 3651 calceamentis
2946 3586 3214 3663 bonum,

499 3694 567 3755 in
616 3692 1018 3756 vestimentis
1069 3694 1431 3757 sarciendis
1478 3716 1612 3757 non
1661 3695 1906 3759 bonum
1957 3718 2118 3774 esse,
2195 3697 2378 3777 sequi
2429 3717 2577 3759 eum
2624 3694 2816 3758 simul
2863 3694 3108 3757 bonum
3156 3700 3226 3755 et

497 3821 633 3862 non
682 3798 927 3863 bonum
975 3821 1134 3863 esse.
1186 3800 1382 3882 Quod
1430 3799 1818 3864 Alcibiades
1866 3823 2000 3866 non
2051 3802 2417 3867 concedens
2457 3824 2568 3864 eos
2607 3800 2817 3865 bonos
2857 3822 2998 3864 esse
3037 3800 3218 3876 dicit,

498 3906 612 3988 qui
661 3905 991 3969 civitatem
1040 3905 1397 3987 prudenter
1444 3914 1677 3989 gerant
1723 3914 1788 3970 et
1835 3908 2153 3986 homines,
2205 3909 2316 3990 qui
2367 3909 2432 3971 in
2473 3908 2738 3971 civit-ate
2773 3908 2926 3985 sint,
2977 3907 3218 3989 optime

499 4017 746 4094 regant.
824 4012 1021 4075 Hanc
1069 4018 1274 4075 artem
1324 4035 1465 4077 esse
1516 4015 1936 4095 prudentiam
1983 4016 2386 4097 (εὐβουλίαν),
2437 4036 2605 4097 quae
2653 4020 2905 4096 spectet
2951 4013 3038 4078 ad
3082 4034 3219 4077 rem

496 4117 828 4200 publicam
878 4120 1119 4201 optime
1168 4120 1761 4185 administrandam
1809 4126 1873 4184 et
1921 4121 2328 4185 servandam.
2406 4120 2601 4203 Quod
2657 4122 2796 4184 fieri
2845 4142 2978 4184 non
3027 4140 3218 4203 posse

493 4226 622 4287 nisi
669 4232 897 4288 mutuo
945 4247 1164 4289 amore
1204 4232 1268 4289 et
1306 4228 1589 4291 amicitia
1634 4228 1890 4306 civium,
1943 4250 2137 4309 quam
2185 4248 2324 4290 esse
2374 4228 2793 4291 concordiam
2841 4229 3216 4309 (ὁμόνοιαν).

472 4330 727 4413 'Qualis
793 4331 955 4395 haec
1025 4333 1380 4396 concordia
1448 4340 1635 4411 esset,
1704 4356 1744 4396 a
1795 4334 2066 4398 Socrate
2125 4335 2568 4416 interrogatus
2616 4332 3002 4397 Alcibiades
3057 4332 3218 4395 dicit

492 4436 692 4499 talem
768 4460 910 4500 esse
987 4437 1243 4517 debere,
1323 4439 1535 4522 qualis
1610 4440 1977 4503 intercedat
2049 4442 2220 4504 inter
2283 4439 2576 4504 membra
2643 4442 2837 4504 unius
2901 4438 3216 4503 familiae.

496 4544 710 4623 Quam
760 4545 1151 4608 sententiam
1200 4544 1507 4609 Soc-rates
1558 4547 1649 4609 sic
1698 4548 1972 4610 refutat:
2033 4548 2154 4613 Vir
2201 4554 2265 4609 et
2313 4546 2544 4610 mulier
2591 4569 2724 4610 non
2775 4546 3217 4622 consentiunt,

474 4668 643 4711 :cum
711 4671 829 4711 sua
897 4651 1169 4731 quisque
1230 4652 1411 4729 facit,
1481 4657 1553 4714 ut
1606 4654 1676 4715 in
1723 4651 1878 4717 lana
1923 4653 2208 4717 texenda
2255 4660 2320 4717 et
2366 4654 2433 4715 in
2481 4654 2680 4717 armis
2728 4652 3048 4735 gerendis
3143 4650 3216 4715 Si

494 4756 690 4817 etiam
738 4755 807 4817 in
858 4755 1230 4820 civitatibus⁸
1282 4780 1401 4821 sua
1452 4760 1729 4840 quisque
1778 4760 1998 4838 faciat,
2067 4762 2362 4823 futurum
2413 4781 2574 4839 esse,
2625 4768 2698 4823 ut
2743 4759 3016 4823 tollatur
3061 4780 3214 4823 con-
