3567 5109
1508 280 1980 347 -193—

594 472 687 534 Et
732 490 887 536 cum
920 478 1060 537 tota
1092 472 1215 535 hac
1248 478 1519 535 saturae
1564 478 1786 551 parte,
1820 490 1994 553 quae
2029 474 2112 536 de
2154 472 2549 535 hominibus
2591 474 2905 537 litteratis
2938 476 3094 555 agit,

384 583 615 658 potest
660 579 1041 641 consociari
1087 594 1149 639 v.
1202 582 1323 637 616
1374 578 1500 655 (L.;
1548 577 1770 641 XXVI
1817 584 1896 638 43
1948 578 2096 656 M.):

928 699 1083 762 haec
1129 707 1200 762 tu
1244 701 1304 762 si
1344 696 1513 761 voles
1548 721 1673 784 per
1718 698 1904 762 auris
1941 720 2058 783 pec
2067 707 2168 763 tus
2211 700 2559 785 inriqarier

388 826 604 902 (verte
667 830 733 887 te
798 825 881 887 ad
945 825 1286 887 eiusmodi
1352 827 1747 903 scriptores,
1814 824 1901 886 de
1972 824 2220 904 quibus
2286 824 2453 901 dixi,
2519 843 2647 905 ego
2713 825 2843 887 alio
2891 824 3098 887 modo

388 933 685 992 carmina
732 931 1186 1010 componam).
1235 931 1427 993 Nunc
1475 928 1786 992 Lucilius
1835 930 1920 995 de
1968 947 2040 992 se
2089 930 2242 1010 ipso
2292 948 2549 1009 suaque
2598 930 2794 1009 poesi
2827 929 3101 993 videtur

385 1035 657 1097 locutus
700 1030 883 1117 [esse.
947 1034 1093 1107 Qua
1142 1054 1225 1098 ex
1274 1041 1541 1098 saturae
1587 1041 1780 1117 parte
1831 1035 2144 1097 nonnulli
2192 1052 2469 1115 quoque
2516 1052 2762 1097 versus
2811 1041 3100 1112 exstant,

391 1134 759 1222 veluti1527
810 1139 941 1218 (L.;
992 1140 1210 1203 XXVI
1257 1147 1335 1203 16
1359 1158 1460 1220 sq.
1507 1139 1652 1217 M.);
1706 1142 1829 1203 529
1854 1158 1952 1219 sq.
2002 1138 2132 1217 (L.;
2184 1139 2400 1202 XXVI
2450 1146 2527 1200 64
2552 1156 2649 1219 sq.
2700 1139 2831 1215 Μ.).

596 1244 726 1307 His
760 1244 845 1306 de
879 1246 1137 1307 Lucilio
1169 1245 1569 1325 praemissis
1607 1250 2032 1325 quantopere
2065 1245 2411 1307 Iuvenalis
2441 1247 2509 1307 in
2545 1248 2842 1308 carmine
2873 1247 3100 1326 primo

392 1349 874 1429 componendo
936 1348 1185 1412 Lucilii
1246 1348 1538 1429 vestigia
1615 1355 1894 1412 secutus
1971 1350 2080 1423 sit,
2155 1350 2460 1411 breviter
2523 1347 2778 1429 exponi
2855 1355 3096 1429 potest.

392 1453 725 1516 Lucilium
793 1454 978 1517 enim
1034 1454 1343 1517 Iuvenali
1410 1454 1737 1517 scribenti
1809 1453 2250 1516 obversatum
2317 1472 2468 1517 esse
2534 1458 2671 1516 iam
2736 1471 2822 1516 ex
2887 1460 3012 1517 sat.
3072 1454 3103 1514 I

392 1562 471 1618 20
519 1564 815 1638 apparet.
880 1556 1016 1621 Sed
1066 1558 1154 1621 ad
1200 1577 1349 1623 rem
1405 1559 1625 1639 ipsam
1684 1558 2193 1637 aggrediamur.
2259 1558 2432 1621 Nam
2480 1559 2816 1622 Lucilium
2874 1566 3126 1641 satura,

391 1661 521 1740 illa,
586 1662 670 1726 de
737 1681 872 1743 qua
929 1664 1452 1745 disputavimuS,
1502 1682 1624 1726 cur
1686 1670 1800 1727 aut
1865 1664 2216 1742 quomodo
2285 1665 2414 1725 arti
2478 1668 2790 1743 poeticae
2857 1683 2931 1727 se
2990 1665 3101 1729 de·

389 1767 623 1844 disset,
669 1770 1073 1848 exposuisse
1121 1788 1207 1832 ex
1273 1774 1680 1849 argumento
1746 1769 1883 1831 iam
1949 1772 2412 1847 cognoscitur.
2477 1768 2668 1831 Idem
2715 1770 3102 1833 Iuvenalem

387 1872 612 1951 prima
657 1879 887 1936 satura
932 1873 1182 1937 fecisse
1225 1892 1434 1956 supra
1481 1876 1876 1956 expositum
1924 1879 2044 1936 est.
2090 1874 2328 1952 Itaque
2358 1874 2747 1936 Iuvenalem
2798 1874 3102 1937 colorem

390 1983 657 2042 saturae
720 1983 983 2058 primae
1046 1985 1268 2044 totum
1323 1979 1594 2042 Lucilio
1653 1977 1907 2042 debere
1963 1979 2168 2041 statui
2222 1984 2467 2057 potest.
2549 1977 2850 2054 Accedit,
2917 1978 3105 2058 quod

390 2088 686 2163 uterque
730 2084 990 2148 similes
1043 2104 1157 2149 res
1203 2088 1531 2148 tractavit.
1596 2084 1939 2147 Iuvenalis
2002 2087 2186 2145 enim
2249 2082 2335 2145 de
2379 2084 2608 2163 poetis
2663 2100 2823 2147 suae
2869 2084 3104 2146 aetatis

392 2191 706 2270 queritur
751 2195 819 2252 et
864 2207 939 2254 se
983 2189 1228 2254 eodem
1263 2189 1490 2267 mod0,
1539 2208 1677 2269 quo
1724 2188 1884 2250 illos
1920 2188 2138 2251 Musis
2186 2187 2454 2251 servire
2499 2194 2723 2269 negat.
2768 2188 3104 2251 Lucilium

390 2300 617 2359 autem
673 2298 972 2359 carmine
1036 2297 1106 2359 in
1153 2314 1317 2359 suae
1382 2298 1619 2358 aetatis
1682 2299 1922 2373 poetas
1971 2294 2321 2356 invectum
2387 2310 2540 2357 esse
2594 2311 2680 2356 ex
2744 2296 2860 2365 eis,
2929 2310 3104 2372 quos

394 2400 761 2477 attulimuS,
809 2400 1127 2464 versibus
1173 2406 1379 2481 patet.
1428 2380 1695 2463 Deinde
1740 2398 2092 2461 Iuvenalis
2135 2398 2457 2461 versibus
2494 2401 2614 2458 152
2639 2416 2788 2477 sqq.
2823 2398 3104 2477 quaerit,

402 2505 753 2585 quomodo
816 2510 1095 2568 acturus
1172 2508 1276 2582 sit,
1341 2522 1426 2567 ne
1490 2502 1818 2566 offendat.
1900 2502 2045 2565 Hac
2112 2519 2391 2582 quoque
2469 2502 2554 2564 de
2619 2520 2695 2564 re
2761 2501 3099 2564 Lucilium

401 2609 865 2691 disputavisse
942 2626 1151 2689 supra
1211 2610 1526 2672 vidimus.
1606 2610 1844 2687 Neque
1920 2608 2193 2686 neglegi
2257 2613 2483 2687 potest
2549 2624 2632 2668 ex
2699 2606 2922 2668 Persii
2988 2611 3105 2667 sat.

394 2714 429 2777 Ι
479 2718 601 2776 114
625 2731 725 2794 sq.

939 2818 1142 2882 secuit
1184 2814 1485 2881 Lucilius
1525 2814 1757 2895 urbem,
1805 2823 1863 2877 te
1907 2812 2110 2899 Lupe,
2155 2821 2212 2875 te
2257 2811 2471 2874 Muci
2496 2859 2512 2876 .
2547 2861 2562 2877 .

398 2930 467 2988 et
526 2942 613 2991 ex
678 2924 944 2989 Lucilio
1011 2927 1137 2987 218
1203 2924 1316 3003 (L;
1377 2923 1471 2987 v1
1528 2928 1603 2983 31
1667 2922 1778 3001 M.)
1846 2936 2178 3002 apparere
2241 2919 2638 2981 Iuvenalem
2703 2923 2820 2981 sat.
2877 2917 2926 2979 Ι.
2986 2920 3105 2975 153

398 3036 469 3094 et
519 3034 673 3095 1542

816 3134 1003 3198 cuius
1030 3154 1159 3196 non
1188 3130 1391 3195 audeo
1424 3129 1627 3195 dicere
1658 3129 1927 3194 nomen?

602 3237 757 3324 quid
785 3240 1001 3323 rqfen,
1036 3237 1222 3302 dictis
1247 3238 1527 3323 ignoscat
1560 3234 1865 3299 Mucius
1895 3255 1984 3297 an
2017 3234 2186 3295 non?

399 3348 485 3410 ad
543 3346 880 3411 Lucilium
930 3352 1259 3428 spectare.
1324 3346 1559 3424 Neque
1624 3342 2015 3417 defuerunt,
2080 3342 2198 3419 qui
2249 3356 2527 3401 versum
2588 3344 2707 3398 153
2758 3354 2794 3397 e
2842 3335 3105 3399 Lucilio

398 3453 486 3515 ad
580 3452 876 3516 verbum
969 3450 1322 3531 sumptum
1409 3466 1560 3512 esse
1646 3451 2050 3511 statuerent.
2133 3444 2446 3516 Quorum
2511 3442 2899 3505 sententiae
2961 3459 3106 3503 rem

397 3558 761 3621 metricam
827 3556 1112 3620 obstare
1172 3555 1242 3617 L.
1306 3554 1659 3631 Mueller¹)
1739 3550 2099 3631 exposuit3
2181 3552 2410 3628 itaque
2469 3566 2606 3609 non
2672 3546 2910 3624 verba,
2986 3546 3110 3608 sed

399 3664 815 3725 sententiam
863 3661 1201 3725 Luciliani
1250 3677 1497 3723 versus
1546 3661 1677 3721 hoc
1723 3655 2082 3720 Iuvenalis
2130 3671 2341 3716 versu
2387 3652 2589 3715 reddi
2637 3652 2891 3731 put0.²)

605 3768 794 3841 Quae
842 3786 999 3831 cum
1045 3768 1143 3829 ita
1192 3766 1348 3841 sint,
1413 3764 1816 3827 Iuvenalem
1881 3764 1952 3824 in
2017 3760 2243 3840 prima
2311 3762 2546 3821 satura
2605 3754 3106 3819 conscribenda

399 3874 737 3937 Lucilium
783 3874 1133 3936 imitatum
1182 3889 1333 3934 esse
1380 3889 1489 3933 me
1537 3868 1930 3933 ostendisse
1977 3866 2303 3927 arbitror.
2351 3864 2437 3923 At
2467 3879 2610 3923 non
2645 3860 2870 3921 solum
2905 3876 3106 3937 argu-

401 3985 709 4042 mentum
786 3986 854 4043 et
928 3986 1241 4041 tenorem
1319 3978 1578 4039 totius
1637 3970 2024 4037 carminis
2073 3971 2308 4049 primi
2384 3966 2777 4029 Iuvenalem
2843 3964 3107 4026 Lucilio

402 4084 678 4163 debere,
743 4083 864 4148 sed
930 4085 1138 4147 etiam
1204 4081 1580 4145 nonnullos
1659 4094 1909 4141 versus
1973 4076 2481 4153 reliquarum
2548 4076 2947 4133 saturarum
3025 4068 3110 4129 ad

614 4281 653 4340 ¹)
694 4280 775 4329 De
810 4290 869 4328 re
905 4276 1144 4326 metrica
1180 4289 1234 4337 p.
1275 4276 1376 4325 336
1396 4286 1478 4335 sq.

608 4369 651 4429 ²)
688 4368 769 4417 De
809 4366 935 4415 aliis
960 4363 1229 4425 exemplis
1265 4376 1381 4411 non
1418 4362 1498 4409 ita
1537 4360 1769 4420 constat,
1797 4356 1974 4406 veluti
2003 4353 2294 4405 Iuvenalis
2331 4352 2390 4401 in
2427 4354 2528 4401 sat.
2567 4350 2594 4399 I
2633 4352 2688 4400 6:
2727 4345 2945 4409 ser-iptm
2986 4350 3032 4393 et
3059 4342 3112 4391 in

402 4464 541 4519 ter-90
584 4453 799 4503 necdum
841 4451 1027 4515 finitus
1092 4451 1294 4499 Orestes
1350 4448 1635 4511 scripsisse
1690 4445 1920 4495 videtur
1973 4442 2283 4505 respiciens
2329 4438 2602 4489 Lucilium
2659 4439 2756 4486 501
2816 4434 2926 4495 (L;)
2983 4432 3112 4483 xlx

406 4548 465 4595 11
490 4545 573 4595 M:
614 4556 870 4603 „ranam-o
916 4538 1157 4600 traqt'cus,
1215 4536 1301 4601 qm'
1353 4534 1589 4583 earmina
1618 4531 1798 4596 perdit
1851 4530 2079 4579 Oreste.·’
2139 4531 2208 4579 Et
2243 4529 2302 4577 in
2341 4532 2439 4575 sat.
2481 4526 2506 4574 1
2546 4526 2612 4573 58
2651 4521 2824 4570 doctus
2881 4526 3114 4582 spectare

388 4614 635 4679 'lacunar'
657 4628 995 4691 spectavisse
1032 4626 1260 4676 videtur
1298 4638 1381 4686 ea,
1437 4634 1585 4686 quae
1623 4636 1691 4671 ex
1732 4620 1928 4670 Lucilo
1987 4618 2136 4679 apud
2195 4616 2414 4665 Festum
2452 4628 2506 4675 p.
2547 4614 2645 4661 173
2685 4611 2738 4661 M
2777 4614 3112 4659 narrantur:

410 4716 776 4765 I’ararhencho
822 4714 986 4763 dictus
1028 4720 1116 4773 est,
1157 4711 1289 4775 quod
1326 4711 1593 4759 sinadaret
1631 4706 1977 4764 dormientem,
2029 4720 2124 4767 quo
2161 4699 2456 4764 impunitum
2495 4713 2626 4747 τατω-
2666 4696 2771 4743 eim
2827 4694 3112 4742 moechare-

407 4812 489 4853 tur
510 4838 525 4853 .
548 4840 559 4853 .
600 4804 733 4853 eius
772 4798 1401 4867 meminit—Lucilius.

495 4904 842 4943 obtestationes
866 4903 973 4947 phil.
1000 4902 1201 4947 Vindob„
1226 4900 1319 4945 vu,
1339 4904 1373 4933 s.
2843 4874 2904 4921 13
