3567 5109
1618 213 2106 277 -102-

500 425 875 503 dissolvere,
914 425 1032 489 sed
1071 429 1269 489 etiam
1300 423 1539 507 quibus
1568 431 1720 488 ante
1754 423 2019 488 detexta
2055 429 2505 487 retexerentur
2539 425 2941 504 ingeniaque
2981 440 3241 494 eorum,

500 554 665 615 quos
711 530 1160 609 instituebant,
1204 552 1337 596 non
1387 531 1799 610 docerentur,
1848 531 1966 594 sed
2011 537 2422 594 vexarentur.

710 639 1043 704 Acumina
1070 646 1291 704 autem
1318 636 1439 702 illa.
1468 638 1823 716 rhetorum,
1853 659 2023 720 quae
2051 659 2093 701 a
2124 636 2443 702 Cicerone
2481 639 2552 700 in
2587 634 2775 700 libris
2811 635 2919 698 De
2957 641 3234 698 oratore

497 746 759 830 scriptis
798 749 947 810 'non
1004 749 1143 810 sine
1200 748 1680 829 vituperatione
1728 742 2175 828 compluribus
2219 743 2384 808 locis
2431 748 3027 808 commemorantur
3041 741 3084 818 ¹,
3135 738 3230 802 ab

494 854 869 936 Augustino
929 873 1190 936 quoque
1247 857 1771 931 contemnuntur,
1833 873 1980 916 cum
2037 851 2125 914 ad
2178 851 2596 928 Dioscorum,
2656 853 2769 932 qui
2815 869 2896 912 ea
2943 846 3044 910 illi
3089 845 3224 910 sol-

494 961 707 1026 venda
772 967 1226 1044 proposuerat,
1292 963 1385 1024 sic
1449 958 1676 1024 scribit
1696 959 1749 1022 ²:
1836 960 1955 1024 Illi
2015 965 2236 1024 autem
2299 957 2860 1043 Carthaginienses
2921 956 3226 1030 rhetores,

492 1071 555 1133 si
598 1068 751 1132 lzuic
799 1074 908 1132 tuo
952 1069 1169 1132 studio
1212 1067 1580 1151 defuerunt,
1646 1088 1783 1131 nan
1829 1067 2016 1130 modo
2059 1088 2102 1130 a
2147 1087 2248 1130 me
2293 1087 2430 1130 non
2474 1064 3052 1149 reprehenduntur,
3107 1061 3226 1124 sed

494 1177 691 1240 etiam
734 1175 1199 1259 adprobantur,
1244 1175 1309 1238 si
1350 1175 1516 1258 forte
1560 1175 1699 1238 iam
1742 1175 2038 1237 recolunt
2079 1195 2216 1238 non
2263 1172 2714 1236 Roma-norum
2749 1171 3065 1254 fororum,
3107 1167 3224 1230 sed

506 1285 901 1348 Graecorum
940 1283 1443 1366 qymnasiorum
1486 1281 1617 1344 ista
1659 1281 1857 1346 solere
1903 1302 2036 1345 esse
2079 1280 2456 1344 certamina.

708 1388 969 1452 Deinde
1033 1392 1101 1451 in
1158 1387 1366 1452 altero
1422 1387 1528 1452 De
1578 1387 1881 1450 doctrina
1929 1385 2310 1452 Christiana
2365 1384 2536 1450 libro
2593 1387 2677 1468 (c.
2719 1386 2833 1468 37)
2897 1384 3072 1447 idem
3117 1386 3218 1445 vir

494 1504 763 1562 sanctus
810 1499 905 1558 sic
951 1515 1073 1559 nos
1120 1501 1369 1559 monet:
1454 1495 1646 1557 Absit
1698 1515 1896 1574 error,
1961 1515 2088 1576 quo
2133 1493 2440 1556 ridentur
2491 1492 2783 1557 hom-ines
2827 1491 2959 1555 sibi
2999 1491 3217 1574 ipsam

494 1606 707 1670 beatoe
759 1603 921 1668 citae
966 1603 1302 1666 veritatem
1344 1601 1661 1682 didicisse,
1709 1623 1861 1664 cum
1904 1601 2035 1664 ista
2080 1598 2490 1684 (praecepta)
2536 1599 2900 1663 didicerint.
2961 1597 3208 1674 Qua-m-

493 1732 695 1793 quam
730 1711 1117 1793 plenamque
1153 1707 1418 1788 accidat,
1466 1713 1545 1772 ut
1576 1708 1847 1790 facilius
1883 1707 2175 1772 homines
2201 1729 2303 1771 res
2331 1729 2438 1772 eas
2465 1711 2917 1790 assequantur,
2947 1709 3217 1788 propter

495 1838 658 1900 quas
694 1817 1123 1900 assequendas
1160 1815 1289 1878 ista
1324 1814 1689 1894 discuntur,
1728 1835 1928 1898 quam
1967 1815 2203 1879 talium
2229 1820 2724 1899 praeceptorum
2749 1811 3215 1877 nodosissimas

494 1931 553 1987 et
596 1921 1085 2006 spinosissimas
1130 1921 1533 2004 dismssplinas.
1636 1921 1996 2004 Tamquam
2051 1923 2115 1986 si
2167 1922 2502 2006 quispiam
2555 1922 2709 1985 dare
2756 1921 2972 1984 volens
3009 1941 3207 2002 prac-

492 2036 671 2114 cepta
733 2029 1121 2092 ambulandi
1180 2034 1441 2092 moneat
1499 2049 1637 2092 non
1690 2051 1822 2092 esse
1887 2031 2235 2093 levandum
2289 2029 2712 2112 posteriorem
2765 2028 3014 2111 pedem,
3078 2026 3217 2088 m'si

492 2158 644 2200 cum
679 2136 981 2220 posueris
1019 2137 1329 2219 priorem,
1376 2136 1601 2200 deinde
1648 2136 2054 2216 minutatim,
2101 2137 2644 2219 quemadmodum
2687 2134 3120 2197 articulorum
3155 2138 3219 2196 et

482 2245 815 2329 poplitum
859 2241 1154 2306 cardines
1198 2247 1486 2326 oporteat
1531 2263 1798 2324 movere,
1843 2243 2176 2307 describat.
2256 2242 2417 2306 Vera
2459 2241 2639 2306 enim
2683 2241 2842 2304 dicit
2873 2261 2991 2303 nec
3025 2239 3217 2302 aliter

492 2351 822 2414 ambulari
846 2355 1100 2434 -potest,
1172 2350 1285 2413 sed
1343 2349 1611 2432 facilius
1672 2350 1964 2413 homines
2037 2351 2188 2413 haec
2250 2349 2546 2432 faciendo
2609 2348 2954 2412 ambulant
3015 2367 3216 2430 quam

491 2458 1040 2538 animadvertunt,
1086 2477 1239 2520 cum
1282 2455 1561 2539 faciunt,
1607 2461 1729 2519 aut
1770 2456 2172 2539 intellequnt,
2221 2478 2374 2520 cum
2417 2457 2722 2520 audiunt.

703 2563 996 2628 Primum
1044 2562 1311 2644 quidem
1358 2570 1425 2626 et
1468 2566 1824 2626 maximnm
1873 2566 2154 2627 oratoris
2201 2561 2495 2627 officium
2535 2561 2768 2628 Cicero
2807 2581 2952 2626 esse
2999 2567 3214 2644 putat,

491 2677 569 2734 ut
611 2669 911 2734 omni-um
956 2691 1179 2733 reru-m
1228 2691 1619 2752 maynarum
1660 2676 1853 2752 atque
1879 2671 2184 2754 partium
2219 2671 2562 2734 scientiam
2597 2670 2902 2753 consequi
2935 2669 3210 2733 studeat.

494 2774 649 2840 Sine
696 2775 817 2841 illa
865 2779 1037 2840 enim
1086 2779 1362 2840 scientia
1407 2779 1735 2840 neminem
1782 2779 1958 2840 omni
2003 2775 2203 2841 laude
2253 2776 2655 2841 cumulatum
2703 2783 3034 2841 oratorem
3070 2795 3214 2838 esse

491 2903 703 2965 posse.
750 2881 897 2946 Iam
942 2902 1095 2946 vero
1142 2882 1459 2946 iudicium
1506 2903 1693 2946 suum
1742 2886 1838 2946 sic
1884 2882 2187 2965 probat⁸z
2284 2883 2552 2948 Etenim
2595 2905 2674 2949 ex
2719 2905 2944 2949 rerum
2987 2881 3211 2966 coqu-i-

493 2991 661 3054 tione
722 2989 1085 3073 efflorescat
1134 2994 1197 3052 et
1248 2991 1561 3054 redundet
1612 2996 1858 3074 oportet
1909 2991 2116 3055 oratio
2127 3017 2152 3068 ,·
2220 3013 2402 3074 quae,
2467 2991 2606 3054 nisi
2655 2991 2796 3054 sint
2835 2991 2918 3054 ab
2963 2995 3216 3054 oratore

480 3102 783 3180 percepta
828 3102 889 3160 et
922 3097 1195 3180 coquito,
1226 3097 1493 3161 inanem
1530 3098 1865 3180 quandam
1901 3097 2088 3162 habet
2113 3099 2532 3162 elocutionem
2559 3103 2620 3161 et
2635 3119 2843 3182 paene
2863 3097 3210 3180 puerilem.

492 3203 711 3286 Neque
756 3223 901 3266 vero
948 3223 1055 3284 eqo
1092 3203 1206 3266 hoc
1244 3208 1502 3266 tantum
1539 3203 1754 3266 oneris
1791 3204 2128 3287 imponam
2167 3205 2418 3268 nostris-
2427 3205 2818 3287 praesertim
2845 3203 3217 3268 aratoribus

489 3310 565 3372 in
611 3309 729 3372 liae
775 3314 960 3372 tanta
1002 3309 1415 3392 occupatione
1450 3309 1635 3372 urbis
1672 3331 1748 3373 ac
1784 3311 1970 3390 ritae,
2017 3311 2192 3374 nihil
2224 3316 2305 3374 ut
2337 3311 2429 3375 eis
2455 3317 2688 3395 putem
2717 3311 2899 3374 licere
2925 3309 3175 3374 nescire
3185 3335 3212 3386 ,-

489 3435 891 3498 quamquam
944 3415 1044 3478 m’s
1098 3415 1377 3478 oratoris·
1422 3416 1871 3500 professioque
1913 3417 2062 3500 ipsa
2115 3419 2267 3482 bene
2312 3417 2569 3481 dicendi
2609 3417 2725 3481 lzoc
2767 3417 3092 3500 suscipere
3138 3437 3219 3480 ac

478 3521 779 3606 polliceri
810 3522 1083 3603 ridetur,
1128 3526 1217 3584 ut
1258 3522 1472 3584 omni
1514 3523 1597 3586 de
1634 3522 1767 3604 re⁴,
1807 3545 2322 3607 quaecumque
2357 3525 2466 3587 sit
2491 3523 2907 3608 proposita,
2943 3529 3218 3588 ornate

487 3629 581 3692 ab
629 3649 707 3692 eo
752 3627 1197 3711 copioseque
1242 3627 1516 3690 dicatur.

703 3734 1001 3814 Eodem,
1048 3756 1192 3817 quo
1230 3733 1489 3798 Cicero
1532 3736 1787 3800 animi
1828 3736 2124 3800 iudicio
2170 3738 2463 3818 ἀπεῖπε,
2493 3737 2992 3820 Auqustinus
3035 3759 3210 3801 ora-

491 3841 792 3906 toribus
846 3840 1344 3922 Christianis,
1400 3847 1488 3905 ut
1538 3843 2016 3925 sapientiam
2059 3849 2234 3907 ante
2290 3844 2552 3908 omnia
2596 3844 2998 3928 acquirere
3041 3849 3211 3906 stu-

488 3950 734 4030 deant,
774 3948 1195 4032 praecipit.

700 4054 938 4136 Itaque
986 4057 1306 4138 imprimis
1354 4074 1693 4118 sacrarum
1742 4059 2212 4138 scripturarum
2254 4056 2542 4120 studium
2581 4055 3018 4134 commendat,
3069 4055 3216 4134 sed,

488 4181 569 4224 ne
616 4167 907 4224 veterum
954 4158 1211 4224 litteras
1260 4167 1565 4242 artesque
1603 4160 1978 4244 neglegant,
2028 4166 2227 4227 etiam
2267 4167 2595 4246 etiamque
2635 4163 2963 4227 admonet.
3011 4161 3080 4226 N
3085 4183 3218 4240 am,

704 4354 721 4387 ¹
762 4353 937 4408 Velut
973 4353 1003 4407 I
1042 4354 1135 4422 733
1174 4353 1238 4407 Π
1274 4353 1362 4420 41,
1401 4354 1467 4408 76
1508 4373 1608 4422 sq„
1646 4354 1767 4423 108,
1813 4355 1929 4408 117.

702 4441 723 4476 ²
756 4441 860 4512 Ep.
896 4443 1016 4510 118,
1055 4444 1106 4508 2,
1146 4443 1195 4496 9.

704 4531 724 4564 ³
763 4531 843 4584 De
886 4536 1025 4584 orat.
1056 4531 1086 4584 Ι
1124 4531 1193 4585 20
1232 4549 1313 4599 sq.

703 4620 723 4652 ⁴
760 4619 1123 4674 Conferamus
1152 4621 1478 4673 Aristotelis
1518 4620 1928 4675 definitionem:
1967 4626 2123 4678 ἔστω
2152 4623 2225 4692 ὀὴ
2253 4624 2528 4694 ῥητορικὴ
2567 4622 2815 4694 δύναμις
2849 4625 3014 4692 περὶ
3054 4625 3212 4678 ἕκα-

521 4723 657 4764 ῑτον
695 4717 799 4763 τοῦ
832 4711 1134 4778 θεωρῆσαι
1170 4709 1238 4762 τὸ
1276 4707 1678 4779 ἐνδεχόμενον
1712 4713 1974 4766 πιθανόν
2010 4711 2201 4779 (Rhet.
2241 4712 2273 4765 Ι
2311 4713 2448 4766 1355
2469 4713 2546 4778 b).
