3567 5109
1550 291 1948 349 -5-

392 521 433 561 a
452 498 944 581 Xenophonteo
978 498 1351 577 abhorreat,
1380 518 1593 580 neque
1622 498 2066 580 intellegatur,
2097 500 2430 582 quomodo
2461 500 2627 565 liber
2643 500 3116 585 Xenophontis

392 605 653 669 nomine
712 610 985 669 ornatus
1041 606 1214 669 inter
1268 604 1572 669 Platonis
1627 604 1830 669 libros
1885 607 2275 689 pervenerit.
2371 605 2757 672 Alcibiades
2802 607 2840 671 I
2895 614 3113 673 autem

388 714 457 775 in
496 734 734 795 magno
773 712 1021 777 honore
1050 712 1193 791 fuit,
1227 718 1427 796 atque
1457 712 1624 776 adeo
1656 712 1966 794 permulti
1993 712 2325 778 Platonici
2362 715 2758 779 recentiores
2794 736 3114 780 summam

388 820 593 884 totius
639 819 1095 903 philosophiae
1144 826 1212 883 et
1259 820 1597 884 doctrinae
1642 817 2032 885 Platonicae
2080 821 2150 884 in
2195 842 2272 884 eo
2320 822 2530 885 inesse
2577 822 2707 885 rati
2751 823 2927 887 hunc
2975 822 3115 887 dia-

390 927 613 1011 logum
666 927 949 1011 primum
1007 927 1357 1010 legendum
1411 929 1930 1011 proposuerunt¹
1990 933 2064 991 ut
2117 928 2544 1006 IamblichuS,
2605 930 2716 1013 qui
2760 928 2936 993 hunc
2983 951 3115 994 ser-

388 1055 646 1098 monem
704 1040 1186 1099 commentatus
1234 1056 1274 1098 a
1320 1033 1559 1099 Proclo
1608 1038 1645 1099 ὁ
1690 1038 1866 1121 θεῖος
1923 1033 2312 1117 appellatur,
2359 1041 2423 1100 et
2467 1034 2808 1100 Albinus.2
2879 1036 3114 1121 Neque

391 1141 913 1224 praetereundae
980 1147 1133 1205 sunt
1196 1140 1427 1206 laudes
1490 1142 1685 1206 huius
1748 1140 1955 1205 libelli
2011 1164 2052 1207 a
2105 1141 2345 1207 Proclo
2405 1148 2470 1207 et
2518 1142 2990 1225 Olympiodoro
3047 1144 3116 1207 in

388 1248 877 1312 commentariis
923 1248 1245 1331 prolatae.
1321 1248 1601 1311 Praeter
1636 1248 1758 1313 hos
1807 1248 2088 1313 aliorum
2135 1248 2574 1333 interpretum
2618 1251 2888 1313 nomina
2923 1249 3114 1315 nobis

386 1361 649 1419 servata
704 1361 884 1419 sunt:
950 1355 1319 1421 Democriti
1375 1355 1729 1434 Platonici,
1798 1354 2086 1439 Longini
2149 1356 2468 1438 aequaliS,
2533 1356 3111 1440 Harpocrationis,

384 1462 748 1527 Damascii.

601 1567 853 1634 Contra
902 1591 983 1632 ex
1016 1569 1340 1651 Diogenis
1377 1569 1455 1632 L.
1495 1568 1538 1633 l.
1578 1569 1689 1633 ΠΙ
1738 1592 1794 1633 e.
1835 1572 1918 1635 62
1971 1576 2252 1652 apparet
2297 1590 2432 1634 non
2481 1570 2786 1651 defuisse,
2828 1572 2940 1656 qui
2977 1594 3112 1636 non

386 1675 829 1755 Alcibiadem,
886 1676 1003 1740 sed
1062 1675 1229 1740 alios
1288 1676 1591 1759 dialogos
1646 1678 1858 1759 primo
1917 1676 2063 1741 loco
2121 1683 2462 1759 ponerent,
2518 1676 2824 1761 idemque
2871 1678 3113 1762 probat

383 1782 675 1846 Albinus
720 1784 788 1846 in
834 1784 1151 1865 Isagoges
1202 1804 1255 1846 c.
1305 1783 1427 1849 IV.

605 1890 785 1954 Inter
829 1890 981 1954 illos
1030 1892 1224 1969 virOS,
1274 1892 1387 1973 qui
1435 1889 1858 1953 Alcibiadem
1919 1890 2254 1973 dialogum
2311 1890 2398 1955 ad
2455 1891 2708 1955 caelum
2765 1890 3108 1971 tollebant,

384 1996 621 2060 Aelius
667 1995 1003 2061 Aristides
1051 2018 1220 2061 unus
1268 1996 1526 2061 sobrius
1572 1996 1832 2061 videtur
1879 2018 2041 2077 esse,
2101 1999 2236 2081 qui,
2296 2004 2368 2061 ut
2421 1998 2910 2062 inimicissimus
2967 2006 3112 2063 erat

384 2102 652 2167 Platoni
691 2108 960 2187 propter
996 2104 1295 2167 rhetores
1331 2106 1401 2167 in
1432 2102 1688 2185 Gorgia
1726 2103 1900 2167 male
1941 2110 2282 2181 tractatOS,
2317 2105 2384 2167 in
2415 2104 2669 2169 duabus
2701 2104 3110 2169 orationibus

380 2213 543 2291 πρὸς
587 2211 911 2275 Πλάτωνα
957 2212 1099 2294 περὶ
1144 2214 1482 2294 ῥητορικῆς
1528 2233 1713 2275 suam
1761 2212 1968 2293 ipsius
2016 2218 2245 2290 artem,
2296 2232 2496 2295 quam
2543 2212 2822 2275 maxime
2869 2218 3106 2295 potest,

384 2316 677 2381 defendit
734 2324 799 2381 et
852 2318 921 2380 in
979 2318 1273 2381 oratione
1337 2320 1491 2399 ὑπὲρ
1537 2325 1665 2381 τῶν
1719 2318 2068 2400 τεττάρων3
2120 2317 2472 2381 Platonem
2527 2319 2872 2399 vituperat,
2931 2320 3108 2403 quod

384 2424 695 2488 Socrates
731 2425 800 2487 in
838 2446 915 2488 eo
957 2424 1221 2507 dialogo
1260 2446 1392 2487 non
1431 2424 1641 2487 solum
1680 2423 2123 2505 Alcibiadem,
2174 2424 2290 2488 sed
2329 2425 2528 2487 etiam
2565 2424 2907 2503 Periclem,
2958 2448 3107 2509 pro·-

382 2532 701 2614 pinquum
748 2516 887 2595 eius
935 2538 999 2595 et
1046 2537 1351 2611 tutorem,
1402 2531 1655 2595 acerbis
1704 2531 1916 2595 verbis
1961 2532 2338 2595 insectetur.

600 2638 733 2702 Sed
780 2640 1094 2721 quoniam
1145 2638 1223 2701 de
1273 2644 1565 2721 tempore
1616 2644 1683 2701 et
1730 2639 2126 2702 auctoritate
2174 2638 2368 2701 huius
2416 2637 2662 2719 dialogi
2712 2639 2890 2721 apud
2939 2642 3106 2703 anti-

384 2768 549 2827 quos
596 2746 757 2809 satis
798 2745 1045 2809 dictum
1085 2753 1203 2824 est,
1244 2746 1402 2827 quid
1438 2746 1837 2809 recentiores
1875 2752 2206 2824 censeant,
2247 2746 2478 2827 paucis
2515 2745 2870 2809 videamus.
2926 2745 3106 2811 Ante.

382 2852 923 2917 Tennemannum
970 2874 1161 2917 nemo
1210 2853 1357 2932 suit,
1410 2853 1519 2936 qui
1568 2850 1994 2916 Alcibiadem
2041 2854 2333 2935 spurium
2381 2874 2521 2917 esse
2572 2852 2838 2931 diceret,
2895 2876 3105 2938 neque

382 2960 487 3023 hic
546 2961 642 3023 vir
701 2960 933 3024 doctus
993 2960 1327 3041 dialogum
1382 2961 1450 3023 in
1506 2961 1804 3042 genuinis
1869 2982 2213 3024 numerare
2283 2959 2646 3025 dubitabat.
2739 2960 3108 3043 Postquam

384 3074 600 3131 autem
650 3069 899 3149 primus
948 3066 1563 3145 Schleiern1acher,⁴
1611 3066 1847 3131 deinde
1895 3066 2166 3131 Astius⁵
2213 3088 2578 3131 sermonem
2621 3068 2692 3131 in
2738 3068 3102 3149 spuriorum

382 3173 796 3254 dialogorum
842 3196 1115 3237 numero
1164 3180 1545 3256 posuerunt,
1596 3172 1972 3237 defensores
2018 3175 2088 3236 in
2135 3173 2273 3238 dies
2319 3176 2529 3256 magis
2577 3175 2810 3256 pedem
2865 3176 3106 3239 referre

382 3281 807 3363 cogebantur,
873 3282 965 3344 ita
1044 3286 1115 3344 ut
1188 3282 1314 3344 nisi
1391 3279 1725 3361 dialogum
1789 3280 2056 3343 Platoni
2133 3279 2627 3344 adulescentulo
2701 3280 3103 3359 tribuissent,

379 3389 737 3469 genuinum
785 3409 926 3451 esse
973 3410 1039 3450 se
1090 3388 1383 3451 evincere
1440 3408 1571 3449 non
1629 3408 1818 3469 posse
1879 3386 2238 3451 crederent.
2332 3385 2430 3451 At
2495 3387 2754 3451 illorum
2819 3390 3105 3452 virorum

598 3601 615 3635 ¹
653 3602 812 3653 (⁸011f.
853 3602 1017 3667 Diog.
1056 3600 1120 3653 L.
1161 3601 1195 3652 l.
1234 3601 1331 3653 III
1368 3601 1451 3653 62.

596 3708 616 3740 2
652 3710 709 3761 in
746 3708 1015 3776 Isagogcs
1055 3726 1100 3759 c.
1127 3708 1195 3761 V:
1236 3710 1269 3762 ὁ
1294 3709 1410 3775 μὲν
1438 3707 1545 3763 οὖν
1576 3711 1723 3762 κατὰ
1760 3710 1940 3777 φύσιν
1969 3708 2038 3763 εὖ
2065 3710 2376 3777 πεφυκώς,
2415 3711 2507 3762 καί
2547 3711 2694 3763 κατὰ
2731 3709 2838 3777 τὴν
2878 3710 3106 3778 ἡλικίαν

376 3800 546 3865 ὤραν
582 3800 739 3866 ἔχων
776 3810 881 3852 τοῦ
917 3800 1297 3867 φιλοσοφεῖν,
1342 3800 1439 3851 καὶ
1482 3800 1632 3851 κατὰ
1678 3797 1784 3864 τὴν
1829 3801 2181 3867 προαίρεσιν
2227 3799 2409 3851 ἕνεκα
2455 3808 2562 3851 τοῦ
2599 3798 2818 3867 ἀρετὴν
2855 3801 3106 3867 ἀσκῆσαι

376 3889 647 3956 προςιὼν
683 3897 766 3957 τῷ
805 3889 994 3957 λόγῳ,
1038 3890 1137 3941 καὶ
1184 3889 1329 3941 κατὰ
1364 3887 1472 3955 τὴν
1508 3888 1631 3955 ἕξιν
1666 3888 2224 3956 προτετελεσμένος
2259 3896 2386 3955 τοῖς
2426 3888 2748 3956 μαθήμασι,
2797 3889 2890 3940 καὶ
2936 3890 3104 3955 ἀφει-

376 3978 563 4045 nevos
606 3977 729 4029 ἀπὸ
774 3984 899 4029 τῶν
940 3978 1267 4030 πολιτικῶν
1310 3979 1744 4043 περιστάσεων,
1799 3976 2032 4043 ἄρξεται
2093 3977 2216 4029 ἀπὸ
2265 3986 2373 4029 τοῦ
2417 3974 2778 4045 Ἀλκιβιάδου
2830 3976 2990 4045 πρὸς
3035 3978 3103 4030 τὸ

376 4074 665 4132 τραπῆναι
708 4067 803 4118 καὶ
838 4067 1273 4134 ἐπιστραφῆναι
1312 4066 1405 4117 καὶ
1440 4071 1671 4131 γνῶναι
1707 4065 1780 4117 οὐ
1817 4064 1912 4117 ὸεῐ
1941 4064 2048 4131 τὴν
2089 4065 2437 4131 ἐπιμέλειαν
2473 4066 2790 4119 ποιείσθω.

594 4172 615 4203 ²²
652 4170 810 4223 Tum.
849 4172 913 4223 II
958 4190 1011 4239 p.
1051 4174 1154 4225 368
1195 4190 1305 4237 seq.
1353 4171 1545 4222 1)ἰιι(1.;
1594 4213 1609 4226 .
1651 4214 1663 4225 .
1704 4174 2122 4238 αἰτιασάμενος
2167 4172 2286 4238 γὰρ
2331 4171 2437 4223 τὸν
2473 4169 2835 4240 Ἀλκιβιάδην
2881 4174 3104 4241 ἀμαθίᾳ

376 4270 672 4314 συνοικεῖν
708 4263 803 4315 καὶ
841 4262 1043 4329 φήσας
1080 4264 1150 4315 οὐ
1184 4262 1377 4327 μόνον
1427 4261 1606 4314 αὐτὸν
1654 4272 1827 4313 τοῦτο
1873 4260 2272 4325 πεπονθέναι,
2317 4260 2474 4312 ἀλλὰ
2523 4262 2616 4312 καὶ
2652 4261 2794 4327 τοὺς
2830 4261 3104 4329 πολλοὺκι,ἱ

373 4357 497 4403 τῶν
541 4352 611 4401 τὰ
664 4358 769 4419 τῆς
812 4352 1063 4417 πόλεως
1106 4350 1517 4417 πραττόντων,
1565 4351 2017 4416 κατασκευάσας
2063 4350 2367 4401 κάνταῦθα
2404 4346 2552 4401 ὁὸόν
2587 4365 2720 4400 τινα
2758 4350 2914 4417 αὐτῷ
2955 4352 3104 4401 κατὰ

373 4450 481 4493 τοῦ
510 4439 892 4507 Περικλέους,
927 4448 1201 4508 πειρᾶται
1232 4440 1483 4506 κάκείνῳ
1514 4437 1621 4505 τὴν
1650 4438 1832 4505 αὐτὴν
1861 4440 2052 4490 αι’-τίαν
2078 4439 2449 4505 περιάπτειν,
2477 4435 2657 4491 οὐδὲν
2683 4438 3102 4505 προκαλυπτο-

368 4546 579 4597 μιενος,
628 4528 767 4581 ἀλλ’
804 4530 893 4597 ὡς
927 4529 997 4581 τὸ
1033 4530 1373 4595 λεγόμενον
1409 4526 1481 4594 δὴ
1518 4538 1691 4581 τοῦτο
1730 4530 1868 4581 οὔτε
1904 4528 2219 4596 γράμματα
2257 4528 2394 4579 οὔτε
2435 4535 2558 4579 νεῖν
2595 4523 2796 4579 εἰδότα
2833 4527 3106 4593 ἐλέγχειν

374 4620 561 4685 ἀξιῶν
598 4622 653 4667 et
692 4634 831 4684 quae
870 4622 1191 4683 sequuntur.
1256 4616 1526 4667 Dedecuit
1568 4615 1858 4667 Socratem
1900 4632 2086 4667 coram
2127 4614 2426 4665 Alcibiade
2466 4615 2640 4665 tutori
2679 4614 3029 4667 maledicere.

590 4707 609 4739 ⁴
648 4706 879 4759 Platons
921 4706 1123 4759 Wcrke
1162 4723 1273 4758 von
1310 4704 1373 4757 F.
1416 4706 1912 4759 Schleiermaeher.

591 4796 612 4827 ⁵
648 4795 879 4849 I'latons
920 4796 1109 4848 Leben
1148 4795 1261 4846 und
1303 4794 1603 4859 Schriften,
1646 4794 1879 4862 Leipzig
1921 4794 2056 4847 1816
2097 4812 2147 4860 p.
2178 4794 2283 4845 435
2325 4810 2474 4859 seqq.
