3567 5109
1449 314 1877 379 -13-

953 508 1098 559 Ante
1134 506 1272 557 deus
1309 509 1478 557 homo
1515 511 1616 573 est,
1653 520 1807 558 nunc
1842 508 1990 557 Deus
2027 521 2096 557 ex
2140 508 2384 557 homine.

311 631 446 695 Sed
512 630 655 693 iam
721 630 1002 711 saepius
1048 630 1408 709 tetigimus
1455 630 1668 693 miras
1715 630 1921 693 huius
1970 631 2297 693 carminis
2344 632 2809 709 exceptiones

518 734 788 798 Deinde
855 740 1016 797 ante
1057 754 1090 794 z
1133 740 1202 797 et
1245 752 1292 793 ω
1345 742 1816 798 consonantes
1883 735 2207 798 omnibus
2271 734 2447 797 locis
2510 735 2724 813 longa
2789 740 3021 798 exstat

311 840 622 921 syllaba:
679 835 1008 901 Νᾶεανίαε
1053 838 1352 917 (XXVII,
1403 846 1562 916 436;
1611 858 1676 919 p.
1726 844 1871 916 292,
1921 840 2063 919 26);
2114 836 2497 900 Νᾶεανεηιω
2528 839 2795 917 (XXIV,
2830 843 3015 918 535„

309 941 582 1007 Eleazar
629 944 896 1023 (XXXI,
949 946 1131 1023 584);
1181 928 1483 1005 Ezechias
1531 944 1768 1022 (XXII,
1824 948 1980 1021 1283
2031 944 2268 1019 XXVI,
2322 951 2463 1018 167,
2517 949 2659 1016 176,
2711 948 2837 1007 182
2872 945 3015 1023 al.);

311 1034 602 1111 Emeum
673 1049 940 1129 (XXXI,
1021 1049 1206 1127 313);
1285 1044 1692 1109 Alexandria
1767 1049 1972 1127 (XIX,
2053 1049 2193 1128 84);
2275 1046 2579 1109 οὸησωῑω
2653 1048 2795 1128 (IV,
2877 1052 3015 1129 52);

311 1151 588 1239 supplan:
633 1154 741 1233 (X,
793 1154 918 1233 12).
1009 1148 1106 1214 Su
1151 1171 1321 1217 vero
1368 1153 1622 1216 litteris
1668 1171 1811 1216 non
1858 1159 1965 1216 est
2011 1154 2121 1215 vis
2184 1152 2623 1234 producendi
2678 1153 3015 1233 syllabas:

309 1254 686 1321 malesuada
732 1258 870 1337 (VI,
923 1266 1000 1320 69
1049 1259 1178 1337 al.),
1224 1258 1360 1321 nisi
1407 1257 1596 1321 forte
1638 1253 1801 1318 male
1847 1254 2061 1319 suada
2106 1258 2417 1321 scribere
2462 1264 2790 1338 praestat.

519 1365 692 1427 Tum
768 1363 1062 1444 syllaba,
1141 1381 1347 1443 quam
1421 1362 1650 1427 medio
1725 1366 1798 1427 iu
1873 1361 2095 1427 verbo
2161 1363 2568 1427 collocatam
2631 1370 3022 1443 sequuntur

312 1469 488 1533 duae
553 1472 1039 1543 consonanteS,
1107 1485 1452 1548 nusquam
1507 1468 1748 1531 brevis
1815 1473 2045 1531 exstat
2092 1475 2385 1549 excepto
2428 1468 2551 1532 illo
2598 1469 2753 1531 loco
2802 1464 3018 1554 defen-

310 1569 468 1633 dant
511 1580 736 1655 operta
783 1572 1083 1651 (XXVII,
1137 1572 1308 1652 490),
1386 1573 1473 1636 de
1517 1591 1654 1652 qua
1697 1573 1997 1636 lectione
2044 1591 2187 1636 non
2251 1579 2527 1636 constat
2589 1574 2701 1653 (cf.
2750 1573 3015 1637 Hartel.

310 1678 349 1740 l.
379 1679 424 1740 1.
459 1696 526 1758 p.
554 1677 682 1756 93).
719 1678 914 1741 Duae
948 1682 1178 1741 autem
1200 1684 1688 1751 consonanteS,
1723 1696 2021 1757 quarum
2054 1679 2253 1759 prior
2284 1685 2391 1741 est
2423 1684 2634 1753 muta,
2666 1678 3019 1759 posterior

312 1780 601 1861 liquida,
675 1780 1019 1862 syllabam
1082 1782 1390 1845 reddunt
1465 1781 1862 1862 ancipitem,
1938 1783 2073 1847 nisi
2139 1783 2559 1846 conveniunt
2616 1802 2721 1866 φη
2784 1788 2853 1845 et
2910 1801 3015 1865 qn,

313 1885 571 1965 quibus
629 1886 981 1950 antecedit
1043 1886 1310 1966 syllaba
1360 1887 1591 1966 longa.
1658 1888 2028 1952 Praeterea
2071 1888 2287 1951 verba
2344 1883 2677 1948 arbitrium
2725 1886 2862 1965 (VI,
2916 1893 3015 1962 57,

315 1997 471 2069 1863
559 1990 737 2059 XXI,
821 1991 992 2070 490),
1078 1990 1374 2052 mereto-ix
1461 1991 1722 2071 (XXVI,
1803 1996 1946 2064 132,
2032 1994 2199 2071 143),
2273 1990 2556 2076 yenitriae
2632 1992 2769 2073 (VI,
2854 1993 3019 2071 143),

317 2099 394 2156 ut
457 2096 646 2176 apud
710 2104 999 2169 ceteroS,
1066 2096 1162 2159 ita
1225 2096 1439 2159 etiam
1502 2096 1690 2176 apud
1755 2097 1938 2159 hunc
2003 2114 2279 2177 semper
2343 2102 2704 2176 ponuntur
2750 2096 3018 2179 syllaba

311 2200 510 2263 brevi
555 2209 716 2265 ante
757 2202 862 2279 ,ἐφ’
922 2201 1034 2280 (cf.
1083 2200 1409 2280 Mueller„
1456 2219 1522 2281 p.
1571 2201 1742 2280 383).
1800 2202 1973 2264 Item
2023 2200 2334 2265 Muelleri
2382 2201 2820 2281 aliorumque
2868 2219 3019 2264 sen-

313 2305 532 2369 tentia
623 2310 875 2370 natura
968 2306 1252 2384 longam
1345 2322 1499 2369 esse
1589 2306 1889 2385 primam
1982 2304 2326 2387 syllabam
2418 2304 2618 2369 verbi
2709 2302 3018 2385 latrandi,

313 2427 526 2473 versu
597 2415 742 2472 476.
809 2429 1018 2475 carm.
1086 2411 1320 2475 XXXI.
1385 2411 1917 2475 commendatur
1980 2412 2093 2493 (cf.
2157 2411 2376 2474 Plaut.
2442 2410 2582 2474 Mil.
2663 2418 2779 2471 681
2854 2406 3018 2471 obla·-

313 2513 684 2591 trau-icem).

524 2619 650 2682 Vel
711 2623 784 2684 in
850 2621 1086 2683 verbis
1149 2621 1435 2685 Graecis
1498 2626 1566 2684 et
1627 2620 1996 2685 Hebraicis
2064 2620 2357 2702 syllaba,
2428 2639 2635 2701 quam
2704 2622 3023 2701 sequitur

321 2730 514 2788 muta
561 2743 716 2788 cum
764 2724 1048 2805 liquida,
1094 2744 1347 2806 anceps
1395 2732 1519 2799 est,
1588 2727 1670 2789 cf.
1713 2726 1901 2808 pe‘tra
1950 2725 2091 2804 (IX,
2142 2730 2258 2802 523
2328 2726 2465 2805 XV,
2530 2728 2640 2805 42)
2710 2733 2780 2790 et
2840 2734 3024 2807 petra

321 2814 463 2905 (IX,
543 2836 644 2902 49,
726 2831 866 2909 67);
950 2828 1176 2891 Parus
1250 2830 1450 2909 (XIV,
1529 2838 1643 2911 663
1721 2832 1900 2903 XIX,
1983 2831 2089 2910 54)
2156 2838 2225 2893 et
2289 2829 2523 2891 Petrus
2584 2831 2751 2910 (XV,
2832 2832 3019 2911 263);

319 2923 645 2995 Zbraham
695 2941 763 2997 et
805 2914 1134 2995 Abraham
1179 2934 1270 3014 (v.
1319 2952 1530 3015 supra
1576 2953 1642 3014 p.
1692 2936 1818 3013 12).

526 3038 600 3101 Si
646 3057 1042 3103 consonans
1089 3039 1308 3103 altera
1353 3041 1426 3102 in
1473 3038 1620 3103 fine
1667 3040 1868 3102 verbi
1915 3045 2168 3114 exstat,
2236 3040 2456 3103 altera
2520 3040 2753 3121 posita
2801 3046 2907 3103 est
2950 3039 3023 3102 in

317 3140 513 3207 initio
578 3144 782 3208 verbi
827 3144 1205 3225 sequentia,
1271 3146 1596 3208 omnibus
1643 3143 1792 3207 fere
1840 3145 2013 3207 locis
2059 3144 2347 3226 syllaba,
2414 3163 2590 3225 quae
2656 3146 3021 3219 antecedit,

318 3248 754 3330 producitur.
843 3250 1082 3329 Neque
1148 3251 1330 3311 enim
1378 3251 1618 3328 plures
1686 3268 1889 3329 quam
1941 3255 2086 3313 tres
2135 3268 2383 3312 versus
2430 3251 2875 3314 hexametros
2920 3253 3021 3313 in-

315 3355 558 3417 venire
633 3355 856 3436 potui,
934 3355 1192 3434 quibus
1266 3354 1472 3433 poeta
1550 3354 1726 3416 hanc
1803 3355 2028 3433 legem
2106 3356 2406 3418 violasse
2482 3354 2781 3429 videtur,
2862 3356 3021 3418 dico

317 3476 564 3521 versus
609 3458 786 3533 XVI,
825 3462 948 3523 223
997 3454 1305 3519 Redderts
1339 3457 1478 3541 qm}
1521 3458 1768 3531 XVIII,
1824 3466 1940 3520 146
1975 3454 2230 3520 addidit
2268 3455 2514 3537 iudioe5
2552 3460 2862 3539 XXVIII,
2902 3464 3020 3523 122

775 3634 980 3685 Nostra
1015 3635 1169 3686 salus
1205 3634 1409 3685 etenim
1449 3647 1614 3684 cruce
1653 3634 1863 3684 Christi
1901 3638 1955 3683 et
1986 3634 2047 3684 In
2086 3634 2312 3685 nomine
2348 3638 2582 3688 constat.

317 3774 454 3839 Sed
516 3777 626 3839 hic
702 3774 1032 3839 offendor
1092 3776 1342 3854 longae
1403 3776 1667 3839 vocalis
1755 3776 2043 3839 elisione
2104 3782 2261 3839 ante
2320 3776 2659 3856 syllabam
2719 3777 3019 3840 brevem.

315 3879 527 3955 Quae,
593 3897 1016 3961 quamquam
1063 3898 1142 3944 ea
1195 3881 1326 3942 hac
1381 3881 1452 3942 in
1501 3881 1663 3943 sede
1710 3880 2041 3942 Paulinus
2087 3898 2335 3961 magna
2384 3882 2607 3943 utitur
2669 3881 3019 3955 libertate,

317 3991 550 4049 tamen
594 3985 952 4049 simillimo
1019 3984 1226 4048 modo
1293 4004 1434 4047 non
1497 3984 1857 4047 invenitur
1922 3984 2232 4047 adhibita
2298 3986 2432 4047 nisi
2478 3991 2618 4047 ter:
2688 3986 2826 4059 XV,
2892 3991 3019 4051 224

315 4096 544 4151 secreto
588 4088 842 4173 operire
877 4085 1248 4173 &pulch-Q
1295 4089 1470 4163 XXI,
1523 4094 1644 4153 627
1693 4096 1867 4151 tactu
1912 4086 2212 4171 oculoque
2252 4086 2574 4171 probaret;
2620 4090 2859 4160 XXXI,
2894 4098 3019 4155 283

315 4215 444 4277 qua
469 4214 600 4257 neae
629 4190 948 4257 animalia
972 4202 1274 4279 purgant.
1300 4195 1406 4258 Ab
1428 4194 1536 4256 his
1569 4194 1975 4259 elisionibus
2008 4196 2149 4257 iam
2170 4196 2366 4259 vides
2401 4196 2693 4259 differre
2724 4214 2899 4271 eam,
2933 4196 3020 4260 de

318 4318 455 4380 qua
501 4302 750 4382 agitur.
797 4300 974 4363 Nam
1018 4301 1092 4364 in
1138 4318 1350 4363 versu
1397 4299 1535 4373 XV,
1585 4303 1710 4361 224
1760 4300 2005 4363 eadem
2052 4301 2371 4379 sequitur
2416 4300 2680 4363 vocalis
2727 4308 2797 4363 et
2842 4300 3017 4369 XXI,

321 4409 440 4471 627
489 4406 709 4469 verba
755 4412 936 4466 tactu
981 4400 1278 4486 oculoque
1325 4404 1673 4469 artissime
1721 4405 2113 4469 cohaerent.
2201 4406 2373 4467 Tum
2435 4424 2825 4485 pronomen
2892 4424 3020 4465 sese

314 4508 590 4573 facilius
657 4529 815 4575 cum
879 4511 1102 4573 verbo
1169 4516 1504 4589 sequente
1569 4528 1694 4591 per
1762 4510 2256 4591 synaloepham
2324 4510 2512 4573 coire
2560 4528 2765 4590 posse
2813 4528 3019 4590 quam

314 4614 448 4679 alia
523 4616 710 4678 ultro
787 4614 1147 4679 concedes.
1239 4614 1427 4685 Quae
1505 4614 1850 4678 dubitatio
1940 4620 2237 4694 augetur
2310 4613 2627 4676 codicum
2701 4614 3017 4678 lectione.

315 4720 664 4784 Exhibent
727 4720 910 4783 enim
976 4720 1249 4783 codices
1301 4714 1358 4780 G
1403 4716 1468 4779 R
1526 4715 1664 4786 Ion.
1734 4715 1933 4783 Coma.
1982 4722 2259 4783 ‘etenim
2303 4720 2433 4795 in’;
2495 4714 2557 4778 A
2602 4714 2673 4779 D
2738 4721 2825 4783 ‘et
2886 4718 3014 4795 in’;

313 4828 378 4887 A
421 4824 674 4889 ‘enim’.
762 4827 911 4890 Iam
952 4843 1121 4889 vero
1169 4824 1228 4886 si
1273 4823 1477 4887 lectio
1526 4825 1844 4889 codicum
1904 4820 1963 4886 G
2005 4821 2070 4886 R
2119 4825 2252 4887 fuit
2298 4824 2369 4887 in
2436 4842 2664 4901 versu,
2723 4824 3017 4904 quilibet
