3567 5109
1733 242 2174 305 —80-

807 453 973 529 Iam,
1043 457 1118 515 ut
1182 451 1268 515 ad
1334 449 1616 517 alteram
1674 451 2144 536 disputationis
2202 460 2460 536 partem
2515 460 2952 532 transeamus,
3013 474 3184 535 quae
3235 453 3328 517 de

596 560 957 641 Augustini
996 558 1232 623 studiis
1270 558 1619 624 rhetoricis
1658 566 1727 625 et
1755 560 1836 625 de
1867 565 2147 641 ratione,
2190 583 2323 644 qua
2362 560 2722 644 discipulos
2761 564 3167 639 instruxerit,
3219 566 3324 625 in-

596 670 952 745 notuerint,
1020 670 1451 749 inquiramus.
1531 666 1640 732 Ita
1707 690 1827 733 nos
1894 667 2079 733 litem
2128 668 2208 733 de
2256 667 2613 752 fragmenti
2669 676 2940 733 auctore
2996 666 3322 733 facillime

597 773 963 838 diiudicare
1014 794 1209 855 posse
1258 795 1621 855 speramus.

1903 1094 2018 1173 II.

807 1307 1211 1389 Priusquam
1258 1328 1307 1370 s,
1345 1306 1725 1389 Augustini,
1772 1310 1915 1386 viri,
1965 1313 2041 1372 ut
2078 1328 2226 1371 cum
2263 1307 2631 1373 Leibnitzio
2678 1306 2939 1389 loquar,
2987 1312 3208 1390 magni
3245 1316 3320 1372 et

594 1418 841 1496 ingenii
880 1414 1207 1496 stupendi,
1256 1417 1457 1477 vitam
1486 1434 1816 1495 exponere
1855 1417 2189 1496 incipiam,
2230 1418 2512 1497 primum
2549 1436 2630 1479 ne
2663 1436 2702 1479 a
2730 1436 2833 1479 me
2874 1421 3314 1497 exspectetur,

595 1543 864 1604 quaese,
931 1542 1033 1585 me
1085 1527 1393 1585 accurate
1444 1524 1665 1585 omnia
1708 1519 1888 1585 illius
1935 1525 2060 1585 viri
2107 1522 2471 1586 doctissimi
2525 1522 2724 1600 facta,
2783 1523 2981 1601 dicta,
3043 1526 3314 1605 scripta,

594 1650 811 1694 mores
874 1627 1365 1693 illustraturum
1430 1648 1593 1692 esse.
1676 1628 1942 1693 Desunt
2007 1632 2178 1693 enim
2226 1632 2420 1707 vires,
2479 1630 2668 1694 deest
2716 1635 2993 1712 tempuS.
3075 1629 3312 1713 Neque

593 1742 803 1801 totam
853 1740 993 1799 eius
1040 1739 1243 1799 vitam
1288 1756 1695 1817 percurram,
1762 1736 1879 1799 sed
1926 1734 2094 1799 illud
2140 1733 2354 1800 solum
2401 1740 2573 1800 vitae
2621 1740 2764 1800 eius
2811 1740 3118 1819 spatium,
3181 1758 3311 1818 quo

592 1848 663 1907 in
712 1848 856 1907 arte
905 1842 1168 1907 dicendi
1216 1841 1529 1906 discenda
1586 1848 1654 1905 et
1699 1842 1999 1906 docenda
2056 1849 2358 1907 versatus
2406 1849 2526 1921 est,
2595 1847 2661 1907 in
2717 1842 2902 1907 brevi
2957 1852 3310 1925 conspectu

592 1955 689 2014 ita
758 1970 1153 2032 proponam,
1213 1955 1288 2012 ut
1350 1952 1491 2013 eius
1548 1948 1771 2013 studia
1818 1954 1886 2013 et
1931 1955 2292 2031 praecepta
2347 1948 2684 2015 rhetorica
2731 1954 3072 2033 apertiora
3127 1950 3310 2014 fiant..

592 2053 913 2121 Aurelius
972 2056 1387 2138 Augustinus
1450 2063 1649 2120 natus
1712 2062 1814 2119 est
1869 2054 2248 2137 Thagastae
2315 2058 2386 2120 in
2443 2054 2681 2122 Africa
2743 2056 2974 2121 Idibus
3029 2056 3311 2121 Novem-

591 2163 823 2228 bribus
872 2184 1043 2228 anno
1092 2169 1244 2244 post
1287 2161 1627 2228 Christum
1680 2169 1914 2227 natum
1963 2164 2091 2228 354
2139 2169 2331 2245 patre
2378 2164 2696 2241 PatriciO,
2762 2169 2973 2228 matre
3023 2162 3309 2229 Monica.

592 2271 797 2335 Pater
863 2274 1025 2349 eiuS,
1091 2271 1286 2335 homo
1350 2268 1610 2348 nobilis,
1677 2273 1745 2333 in
1803 2271 2067 2333 civitate
2125 2269 2499 2335 decurionis
2557 2292 2828 2335 munere
2887 2270 3310 2353 fungebatur.

594 2376 726 2461 Qui
763 2384 1071 2460 magnam
1112 2376 1415 2440 adhibuit
1452 2397 1698 2455 curam,
1748 2382 1824 2439 ut
1869 2374 2043 2440 filius
2083 2380 2214 2441 iam
2253 2383 2486 2442 tenera
2525 2383 2743 2442 aetate
2786 2376 3084 2442 omnibus
3122 2377 3316 2441 bonis

592 2484 847 2548 artibus
877 2485 1297 2549 imbueretur.
1344 2484 1581 2565 Itaque
1612 2488 1896 2567 primum
1934 2481 2078 2547 ludi
2107 2488 2424 2567 magistro
2454 2484 2742 2549 traditus
2773 2491 2895 2563 est,
2925 2490 2998 2549 ut
3027 2483 3316 2549 disceret

589 2590 869 2656 litteras.
928 2590 1189 2655 Deinde
1228 2596 1298 2655 in
1334 2590 1563 2655 schola
1601 2594 2017 2672 grammatici
2053 2590 2279 2655 Latini
2318 2578 2674 2674 praecipue
2703 2590 2983 2675 Vergilii
3010 2590 3310 2656 Aeneide

587 2704 768 2762 totus
844 2698 1192 2763 tenebatur
1264 2697 1563 2779 aliosque
1629 2696 1907 2762 Latinos
1973 2704 2204 2779 poe‘tas
2271 2698 2458 2762 avide
2525 2696 2790 2780 legebat
2815 2698 2854 2760 ¹.
2946 2695 3314 2781 Quominus

592 2812 813 2869 autem
852 2805 1133 2871 Homeri
1180 2804 1591 2887 aliorumque
1634 2804 2049 2871 Graecorum
2096 2808 2441 2887 poetarum
2481 2808 2776 2868 carmina
2814 2804 3045 2869 eodem
3091 2804 3312 2869 studio

592 2919 659 2977 et
734 2934 957 2977 amore
1026 2910 1558 2993 amplecteretur,
1634 2912 2081 2993 imprudentia
2155 2915 2570 2993 grammatici
2635 2911 2884 2977 Graeci
2956 2910 3314 2993 impeditus

591 3026 712 3098 est,
780 3024 893 3100 qui
958 3040 1197 3100 pueros
1258 3015 1561 3083 Graecae
1618 3016 1883 3101 linguae
1942 3023 2210 3100 ignaros
2267 3022 2479 3082 saevis
2533 3018 2902 3082 terroribus
2959 3024 3028 3082 et
3081 3023 3316 3101 poenis

592 3126 679 3191 ad
718 3125 1102 3190 discendum
1143 3124 1474 3207 cogebat2.
1540 3123 1689 3208 Quo
1739 3129 1804 3188 in
1850 3123 2226 3189 litterarum
2265 3145 2504 3206 genere
2544 3124 2862 3188 Aurelius
2892 3124 3316 3207 Augustinus

591 3238 875 3315 primum
924 3232 1325 3315 Thagastae‚
1392 3239 1531 3296 tum
1594 3235 1664 3295 in
1726 3235 1943 3296 vicina
1991 3231 2429 3296 Madaurensi
2495 3235 2758 3296 civitate
2825 3238 3125 3296 versatus
3192 3241 3314 3296 est.

588 3339 849 3405 Ibidem
896 3343 1027 3403 iam
1077 3342 1144 3402 in
1194 3342 1608 3421 grammatici
1656 3338 1886 3403 schola
1945 3337 2340 3403 declamavit
2385 3360 2596 3421 eaque
2644 3338 2880 3403 relicta
2930 3338 3108 3421 apud
3157 3338 3310 3403 rhe—

591 3453 801 3510 torem
852 3444 1182 3527 quendam
1228 3449 1295 3508 in
1345 3445 1623 3509 dicendo
1672 3466 1739 3508 se
1789 3449 2098 3509 exercuit.

805 3552 1005 3616 Anno
1061 3572 1121 3633 p.
1169 3550 1291 3617 Ch.
1338 3574 1403 3615 n.
1454 3553 1581 3615 370
1651 3551 2000 3615 Madauris
2059 3552 2323 3616 domum
2380 3573 2682 3617 reversus
2739 3549 2995 3634 aliquot
3049 3572 3314 3617 menses

592 3660 769 3724 domi
818 3664 1263 3723 commoratus
1300 3658 1458 3723 estss.
1506 3659 1710 3723 Pater
1759 3662 1931 3722 enim
1980 3657 2186 3722 filium
2225 3658 2703 3743 Carthaginem
2742 3660 3008 3743 quidem
3045 3662 3312 3725 mittere

588 3766 815 3845 voluit,
865 3766 984 3831 sed
1031 3769 1313 3848 pecunia
1360 3765 1447 3829 ad
1493 3769 1621 3830 iter
1668 3772 1735 3829 et
1778 3768 2020 3830 victum
2067 3771 2466 3845 necessaria,
2517 3788 2664 3831 cum
2709 3766 2889 3830 illius
2937 3787 3098 3849 opes
3147 3772 3316 3831 satis

588 3884 819 3939 tenues
859 3879 1109 3951 essent,
1160 3873 1273 3936 diu
1322 3872 1854 3954 conquirebatur.
1925 3873 2069 3937 Iam
2118 3880 2256 3937 tum
2303 3872 2718 3956 Augustinus
2756 3871 3027 3938 licentia
3065 3895 3316 3957 magna

586 3980 961 4060 utebatur⁴,
1010 3980 1127 4044 sed
1174 3986 1363 4063 pater
1410 3982 1570 4043 vitia
1617 3983 1757 4044 eius
1805 3984 2068 4044 minime
2118 3980 2416 4060 curabat,
2468 3980 2585 4045 sed
2630 3980 2699 4044 id
2747 3978 2959 4045 solum
3007 3980 3310 4063 optabat,

586 4095 662 4152 ut
708 4089 997 4153 disertus
1045 4094 1220 4152 esset-
1266 4094 1334 4151 et
1379 4086 1641 4151 dicendi
1686 4085 1886 4151 laude
1934 4086 2220 4152 floreret.

800 4194 1060 4260 Eodem
1100 4216 1272 4259 anno
1303 4194 1739 4277 Augustinus,
1780 4194 2064 4259 sedecim
2107 4215 2318 4259 annos
2355 4201 2574 4272 natuS,
2615 4193 3090 4275 Carthaginem
3130 4199 3316 4259 venit

590 4310 654 4369 in
722 4302 1019 4368 scholam
1084 4301 1369 4367 rhetoris
1435 4302 1799 4381 cuiusdam,
1870 4306 1984 4383 qui
2047 4307 2114 4365 et
2165 4305 2234 4365 in
2293 4308 2434 4366 arte
2485 4301 2816 4366 rhetorica
2865 4308 2933 4365 et
2977 4304 3045 4365 in
3093 4301 3314 4383 philo-

802 4480 821 4514 ¹
860 4478 1108 4533 ConfeSS.
1148 4479 1179 4532 I
1220 4480 1303 4533 13.

802 4570 823 4603 ²
862 4568 1109 4623 Confess.
1149 4568 1179 4621 I
1220 4570 1303 4621 14.

802 4658 823 4690 ³
860 4656 1107 4709 Confessi.
1146 4655 1209 4709 II
1246 4657 1296 4708 3.

798 4746 819 4779 ⁴
856 4744 1004 4797 Ibid.
1042 4744 1105 4797 II
1150 4746 1173 4797 1
1216 4762 1331 4812 sqq.
