3567 5109
1501 376 1580 386 —-
1675 343 1801 406 189
1886 376 1975 387 —

378 536 512 597 iam
557 535 669 599 illa
716 554 967 616 genera
1012 541 1396 617 poetarum,
1459 536 1969 614 historicorum,
2036 540 2414 615 oratorum,
2464 537 2653 614 quod
2699 538 2948 602 eodem
2980 556 3088 602 or-

379 639 537 702 dine
586 658 725 720 quo
758 660 796 704 a
827 641 1253 714 Quintiliano
1303 645 1817 718 enumerantur,
1846 639 2153 720 legentes
2202 641 2288 704 ad
2332 641 2735 714 Quintiliani
2781 643 3090 707 scholam

377 761 714 809 revocare
746 751 932 826 pute.
2932 769 2954 804 .·

580 849 922 922 Quoniam
979 869 1118 928 ece,
1176 868 1351 932 quos
1406 850 1864 923 Quintilianus
1920 852 2293 914 imitandos
2350 853 2775 930 existimavit,
2840 853 3087 917 leviter

379 957 938 1034 perstrinximuS,
985 956 1432 1037 inquiramus,
1497 975 1661 1019 num
1719 955 2069 1020 Iuvenalis
2117 974 2395 1037 quoque
2444 975 2581 1036 eOS,
2636 975 2813 1038 quos
2867 963 3089 1039 poetis

381 1063 768 1124 saturarum
849 1061 1218 1124 imitandos
1273 1059 1733 1132 Quintilianus
1800 1060 2038 1138 voluit,
2101 1059 2176 1122 in
2229 1064 2480 1124 saturis
2542 1061 2927 1127 scribendis
3002 1063 3091 1127 ad

379 1161 786 1228 imitandum
807 1164 941 1229 sibi
963 1168 1425 1246 proposuerit.
1455 1167 1596 1230 Hac
1619 1163 1704 1229 de
1735 1182 1815 1229 re
1844 1166 2172 1246 leguntur
2193 1167 2376 1246 apud
2396 1166 2891 1239 Quintilianum
2923 1168 3087 1230 Inst.

380 1285 478 1331 or.
512 1268 572 1330 X
624 1277 677 1347 1,
726 1276 804 1330 93
838 1289 1020 1350 sqq.:
1070 1265 1318 1332 Satura
1345 1265 1592 1352 quidem
1629 1276 1758 1332 tota
1803 1276 2020 1332 nostra
2064 1277 2172 1349 eat,
2214 1268 2284 1331 in
2326 1289 2451 1352 qua
2484 1269 2743 1354 pimus
2779 1271 3090 1356 inaiynem

380 1367 629 1433 laudem
647 1369 922 1456 adeptus
940 1370 1232 1436 Lucilius
1277 1370 1580 1461 quosdam
1625 1373 1719 1434 ita
1762 1370 2005 1436 deditos
2050 1370 2180 1436 sibi
2212 1370 2421 1436 adhuc
2450 1373 2631 1438 habet
2658 1383 2991 1456 amatores,
3022 1386 3091 1438 ut

379 1495 514 1536 eum
563 1496 692 1538 non
737 1475 1015 1540 eiusdem
1043 1476 1222 1540 modo
1265 1479 1476 1564 operia
1503 1476 1888 1558 auctoribus,
1920 1475 2028 1540 aed
2057 1475 2342 1540 omnibus
2359 1479 2572 1562 poetis
2594 1481 2929 1566 praeferre
2962 1501 3089 1544 non

376 1575 672 1646 dubitent.
719 1579 852 1666 Ε9ο
898 1592 1203 1666 quantum
1250 1581 1330 1644 ab
1361 1579 1512 1660 illis,
1543 1591 1791 1650 tantum
1822 1581 1901 1646 ab
1934 1563 2209 1646 Horatio
2256 1580 2579 1660 dissentiO,
2612 1585 2726 1666 qui
2768 1581 3088 1648 Lucilium

361 1681 570 1765 fluere
601 1681 980 1749 lutulentum
1026 1695 1081 1750 et
1129 1709 1258 1752 esee
1302 1685 1570 1775 aliquid,
1618 1685 1784 1772 quod
1841 1683 2051 1749 tollere
2086 1686 2321 1772 poesis,
2360 1697 2566 1772 putat.
2618 1687 2791 1750 Nam
2820 1687 3091 1752 eruditio

377 1787 448 1850 iu
493 1810 562 1851 eo
605 1788 774 1853 vra-ira
816 1799 876 1852 et
923 1789 1176 1854 liba-tas
1220 1801 1401 1876 atque
1447 1789 1596 1854 inde
1639 1790 1956 1855 acerbitas
1993 1800 2050 1852 et
2094 1789 2342 1856 abunde
2372 1790 2548 1855 salis.
2592 1790 2871 1856 Multum
2901 1816 2971 1856 eo
3000 1804 3089 1856 est

377 1893 607 1957 tersior
651 1916 731 1958 ac
771 1916 982 1978 purus
1027 1897 1233 1981 ‘maqia
1280 1895 1596 1960 Horatius
1651 1904 1732 1974 et,
1786 1917 1911 1958 non
1970 1895 2147 1959 labor
2204 1896 2341 1959 eius
2401 1917 2632 1979 amm-e,
2684 1900 3087 1982 praecipuus.

379 1995 658 2062 Multum
722 2008 780 2062 et
831 2021 1016 2064 verae
1063 1999 1307 2086 ylariae
1369 2001 1659 2086 quamvis
1720 2022 1851 2064 uno
1897 1999 2051 2066 libro
2098 2001 2360 2065 Persius
2405 2003 2650 2068 meruit.
2696 2001 2865 2066 Sunt
2922 2002 3095 2068 clari

377 2099 683 2188 hodieque
710 2112 773 2167 et
801 2105 913 2189 qui
938 2104 1089 2170 olim
1118 2105 1629 2174 nominabuntur.

638 2211 982 2284 Quantum
1029 2213 1334 2278 Lucilius
1380 2214 1564 2295 apud
1595 2213 1983 2278 Iuvenalem
2032 2219 2297 2278 saturas
2346 2220 2849 2294 conponentem
2901 2215 3087 2279 valu-

378 2319 525 2396 erit,
573 2316 862 2396 dignum
908 2337 1058 2381 esse
1105 2319 1444 2396 existimo,
1502 2319 1694 2399 quod
1747 2325 2193 2397 memoretur,
2238 2323 2645 2399 praesertim
2693 2337 2847 2383 cum
2894 2324 3088 2396 rati0,

380 2439 552 2508 quae
615 2423 796 2486 inter
866 2441 985 2487 eos
1034 2424 1414 2501 intercedit,
1478 2424 1789 2488 nondum
1855 2425 1943 2488 sit
2007 2430 2321 2488 accurate
2387 2425 2785 2504 perquisita.
2863 2425 3087 2505 Atque

378 2525 768 2590 Iuvenalem
829 2531 902 2592 in
949 2534 1180 2594 satura
1235 2533 1456 2610 prima
1511 2529 1879 2594 scribenda
1923 2529 2265 2593 Lucilium
2311 2528 2651 2593 imitatum
2702 2549 2850 2593 esse
2898 2538 3086 2611 puto.

379 2629 584 2703 Quod
630 2639 706 2695 ut
747 2632 1123 2713 ostendam,
1171 2633 1258 2700 de
1291 2634 1604 2712 consilio,
1649 2653 1789 2715 quo
1821 2633 2164 2698 Iuvenalis
2205 2652 2350 2698 eam
2400 2638 2699 2698 saturam
2731 2637 3089 2715 scripserit

379 2739 446 2798 et
492 2735 578 2799 de
623 2737 872 2802 Lucilii
931 2743 1250 2818 carmine,
1314 2741 1503 2820 quod
1565 2738 1963 2803 Iuvenalem
2025 2741 2415 2820 respexisse
2472 2742 2811 2817 existimO,
2874 2759 3087 2820 agam.

378 2839 721 2905 Iuvenalis
765 2845 999 2923 igitur,
1047 2844 1301 2925 quibus
1349 2847 1570 2908 causis
1610 2842 1695 2908 ad
1726 2842 2174 2908 scribendum
2213 2842 2551 2908 adductus
2584 2851 2650 2906 et
2681 2846 2799 2925 qui
2829 2845 3086 2909 factum

378 2951 576 3022 esset,
640 2951 717 3009 ut
761 2948 847 3011 ad
894 2955 1159 3013 saturas
1206 2947 1722 3030 componendas
1768 2951 2072 3013 animum
2118 2947 2513 3029 applicaret,
2578 2955 2645 3011 et
2692 2949 2943 3028 quibus
3001 2951 3085 3013 de

379 3049 590 3114 rebus
637 3057 916 3116 acturus
981 3060 1160 3118 esset
1225 3060 1291 3117 et
1356 3073 1494 3134 quo
1541 3052 1751 3117 modo
1800 3073 1893 3128 ,se
1949 3071 2196 3134 gerere
2242 3053 2468 3129 vellet,
2534 3072 2618 3116 ne
2676 3052 3085 3132 offenderet,

379 3158 602 3233 prima
648 3163 879 3223 satura
924 3163 1262 3240 exposuit.
1308 3159 1564 3241 Incipit
1607 3161 1823 3238 igitur
1867 3158 1975 3221 his
2022 3157 2293 3222 verbis:
2498 3161 2507 3170 '

796 3347 1058 3437 Semper
1109 3373 1217 3439 eqo
1263 3350 1524 3416 auditor
1567 3351 1859 3416 tantum?
1898 3369 2321 3434 numquamne
2365 3368 2673 3435 reponam

795 3465 1059 3518 vexatus
1103 3457 1330 3522 totiens
1375 3456 1570 3521 rauci
1621 3455 1664 3518 '1
1667 3453 1925 3520 'keeeide
1976 3451 2227 3519 Cordi?

378 3662 620 3745 Itaque
665 3685 738 3731 se
782 3674 1055 3750 tempus
1110 3688 1249 3734 non
1306 3670 1563 3734 diutius
1628 3689 1708 3734 eo
1775 3673 2349 3749 consumpturum
2414 3683 2582 3742 esse,
2652 3670 2729 3727 ut
2794 3666 3084 3729 aliorum

380 3777 742 3851 poetarum
803 3775 1321 3840 recitationibus
1384 3778 1670 3853 intersit,
1732 3773 1857 3838 sed
1910 3793 1985 3838 se
2040 3771 2404 3837 consilium
2458 3770 2727 3851 cepisse
2773 3778 3087 3852 poemata

381 3879 824 3943 conscribere
896 3881 1004 3944 his
1078 3881 1313 3946 verbis
1386 3881 1752 3960 designare
1808 3879 1976 3942 vult.
2049 3880 2275 3959 Atque
2336 3877 2725 3941 facultatem
2787 3877 3087 3940 carmina

381 3983 847 4063 componendi
893 3985 1026 4050 sibi
1059 4005 1241 4062 esse;
1289 3989 1593 4068 primum
1627 3988 1809 4049 enim
1841 4003 1915 4050 se
1960 3990 2035 4046 ut
2082 3981 2410 4064 reliquos,
2458 3979 2705 4046 studiis
2751 3999 3083 4060 gramma-

380 4090 532 4150 ticis
579 4093 648 4151 et
691 4089 1062 4156 rhetoricis
1095 4091 1506 4156 instructum
1537 4109 1687 4156 esse
1721 4095 1789 4154 et
1819 4089 1951 4154 hoc
1998 4087 2209 4152 modo
2258 4088 2475 4150 libros
2521 4103 2940 4166 componere
2986 4087 3084 4150 di-

380 4190 664 4270 dicissc;
743 4194 990 4260 deinde
1063 4215 1220 4260 cum
1275 4213 1516 4261 omnes
1569 4199 1643 4260 in
1696 4196 1918 4259 libros
1972 4192 2517 4258 conscribendos
2580 4207 2865 4271 operam
2931 4209 3088 4254 con-

379 4295 628 4374 ferant,
672 4297 928 4362 chartae
987 4321 1265 4386 parcere
1319 4302 1510 4365 stulti
1582 4319 1755 4366 esse.
1829 4297 2174 4363 Iuvenalis
2239 4299 2467 4378 igitur,
2532 4300 2589 4360 si
2653 4295 2824 4359 nihil
2900 4296 3086 4359 aliud

380 4403 802 4467 carminibus
843 4408 984 4470 suis
1017 4409 1294 4487 assequi
1339 4407 1673 4470 voluisset
1720 4407 1853 4467 nisi
1900 4409 1975 4467 ut
2006 4407 2267 4484 poetas,
2314 4418 2491 4480 quos
2524 4406 2659 4464 tam
2696 4400 2814 4463 diu
2845 4401 3085 4464 audire

380 4513 658 4571 coactus
720 4516 920 4588 esset,
984 4510 1493 4589 ulscisceretur,
1558 4509 1919 4596 prooemio
1977 4508 2188 4603 finem
2250 4505 2479 4569 facere
2524 4505 2775 4585 potuit;
2840 4505 2964 4568 sed
3010 4512 3085 4568 ut

381 4617 650 4676 saturas
695 4621 1082 4695 componat,
1127 4616 1320 4680 illum
1354 4633 1634 4698 operam
1671 4615 1989 4679 daturum
2021 4630 2173 4678 esse
2218 4627 2482 4684 versus,
2530 4611 2647 4689 qui
2679 4615 3083 4689 sequuntur,

382 4715 774 4786 ostendunt.
843 4720 1087 4800 Quare,
1154 4717 1322 4800 quid
1385 4718 1519 4783 sibi
1582 4718 2049 4800 proposuerit,
2112 4714 2425 4796 explicat.
2498 4714 2720 4793 Atque
2784 4715 3083 4795 primum

381 4835 602 4898 genus
648 4827 1026 4889 carminum
1073 4841 1358 4887 suorum
1391 4827 1480 4888 ita
1515 4824 1847 4902 designat,
1882 4829 1957 4885 ut
1988 4838 2165 4901 quos
2199 4821 2589 4882 imitaturus
2619 4821 2727 4894 sit,
2761 4821 3085 4882 nominet.
