3567 5109
841 1324 979 1402 111.
1041 1323 1179 1401 De
1233 1320 1716 1417 Iuvenale,
1777 1319 2348 1414 Quintiliani
2405 1321 2914 1420 discipulo.

731 1552 1076 1624 Quoniam
1139 1551 1490 1614 Iuvenalis
1567 1549 1792 1612 eidem
1862 1552 2103 1630 generi
2149 1550 2514 1614 rhetorum
2566 1551 2974 1613 Latinorum
3024 1556 3233 1629 atque

525 1657 796 1718 Plotius
838 1655 1127 1735 eiusque
1161 1654 1484 1735 discipuli
1516 1653 1820 1718 adscribi
1853 1655 2115 1735 nequit,
2152 1655 2587 1735 disquiratur
2619 1656 2963 1718 sententia
2997 1655 3231 1718 Fried-

525 1761 852 1836 laenderi,
900 1761 1019 1839 qui
1083 1762 1264 1822 hunc
1311 1765 1587 1838 poetam
1652 1757 2067 1830 Quintiliani
2115 1759 2531 1841 discipulum
2598 1761 2813 1823 fuisse
2859 1758 3233 1822 contendit.

526 1867 954 1945 Argumenta
987 1871 1234 1942 autem,
1271 1864 1523 1943 quibus
1542 1866 1648 1926 vir
1681 1863 1798 1926 ille
1830 1863 2272 1927 doctissimus
2304 1867 2717 1927 sententiam
2751 1883 2945 1927 suam
2978 1865 3232 1940 firmat,

526 1972 696 2033 haec
742 1968 892 2032 fere
938 1974 1120 2032 sunt.
1165 1969 1336 2032 Cum
1379 1967 1718 2032 Martialis
1762 1968 2185 2044 Iuvenalem,
2237 1988 2377 2049 quo
2426 1970 2867 2033 familiariter
2912 1987 3080 2032 usus
3112 1975 3233 2044 est,

528 2094 712 2138 anno
759 2095 824 2155 p.
874 2072 995 2136 Ch.
1060 2093 1120 2135 n.
1185 2073 1637 2152 nonagesimo
1704 2072 1925 2136 altero
1986 2082 2279 2137 exeunte
2326 2075 2396 2136 in
2458 2073 2577 2136 lib.
2630 2073 2821 2150 VI11)
2886 2075 3102 2155 epigr.
3152 2081 3225 2134 91

508 2174 884 2265 facundum
946 2176 1419 2257 appellaverit,
1485 2177 1771 2240 dubium
1838 2197 1983 2241 non
2048 2197 2199 2241 esse
2249 2178 2749 2241 Friedlaender
2796 2185 3011 2259 putat,
3065 2178 3233 2257 quin

527 2283 878 2348 Iuvenalis
944 2289 1100 2346 ante
1163 2283 1296 2344 hoc
1360 2288 1636 2362 tempus
1701 2282 1968 2346 diutius
2015 2284 2272 2347 Romae
2336 2292 2653 2346 versatus
2708 2284 2871 2345 inde
2916 2283 3000 2346 ab
3048 2300 3231 2345 anno

528 2390 678 2453 fere
741 2387 1197 2466 nonagesimo
1263 2387 1514 2450 studiis
1576 2390 1941 2450 rhetorum
2005 2407 2077 2451 se
2143 2388 2437 2454 dederit.
2527 2387 2756 2460 Quare
2831 2387 3231 2450 Iuvenalem

529 2493 952 2569 Quintiliani,
1020 2493 1279 2572 quippe
1343 2511 1548 2571 quem
1614 2492 1685 2554 in
1751 2498 1875 2555 sat.
1943 2494 2033 2555 VI
2083 2499 2182 2570 75,
2248 2499 2394 2572 280,
2450 2495 2577 2558 VII
2628 2500 2770 2570 186,
2820 2501 2961 2570 189,
3026 2491 3235 2554 valde

527 2599 897 2674 laudasset,
945 2597 1363 2677 discipulum
1412 2597 1630 2660 fuisse
1677 2581 2020 2661 neminem
2070 2605 2491 2678 negaturum
2538 2617 2691 2661 esse
2738 2596 3237 2661 Friedlaender

527 2703 969 2768 existimavit.
1032 2702 1168 2766 Sed
1216 2703 1301 2765 de
1347 2703 1698 2765 Iuvenalis
1755 2710 1825 2765 et
1879 2702 2289 2775 Quintiliani
2346 2703 2802 2784 temporibus,
2850 2721 3006 2765 cum
3052 2703 3235 2764 inter

527 2812 720 2872 viros
794 2807 1239 2871 doctissimos
1317 2810 1685 2871 vehemens
1762 2811 2247 2872 controversia
2325 2811 2433 2887 sit,
2510 2809 2751 2889 priore
2826 2812 3233 2888 argumento

531 2913 741 2977 nimis
817 2913 942 2975 niti
1018 2930 1287 2975 vereor.
1351 2913 1499 2974 Iam
1581 2913 1666 2975 de
1744 2914 1962 2976 altero
2030 2920 2439 2993 argumento
2516 2933 2729 2994 agam.
2836 2914 3235 2976 Iuvenalem

529 3019 745 3096 igitur
791 3021 860 3080 in
909 3023 1036 3080 sat.
1088 3017 1180 3080 VI
1226 3023 1350 3078 280

1070 3118 1172 3182 dic
1217 3117 1498 3202 aliquem
1539 3117 1716 3182 sodes
1761 3119 1884 3199 hic,
1939 3119 2363 3201 Quintiliane,
2410 3120 2687 3186 colorem.

528 3229 1027 3298 Quintilianum
1092 3227 1264 3288 artis
1321 3227 1713 3291 rhetoricae
1777 3228 2192 3308 magistrum
2258 3231 2653 3308 respexisse
2718 3229 2881 3291 inde
2928 3232 3235 3308 apparet,

528 3333 718 3412 quod
787 3335 918 3396 hoc
981 3333 1052 3394 in
1120 3349 1328 3395 versu
1394 3333 1592 3395 verbi
1657 3334 1727 3396 in
1776 3334 2015 3396 schola
2062 3335 2425 3396 rhetorum
2472 3323 2765 3398 adhibiti
2814 3335 3232 3396 mentionem

527 3439 711 3501 facit.
760 3439 999 3518 Neque
1048 3436 1409 3500 difficilior
1453 3444 1561 3499 est
1605 3455 1719 3500 res
1766 3441 1838 3500 in
1886 3446 2010 3504 sat.
2056 3439 2181 3502 VII
2235 3447 2386 3503 186:

1061 3539 1200 3602 Hos
1242 3538 1416 3603 inter
1459 3548 1753 3625 sumptus
1796 3542 2091 3605 sestertia
2146 3541 2573 3623 Quintili-auc,

1057 3653 1127 3706 ut
1155 3643 1446 3726 multum,
1480 3643 1610 3707 duo
1641 3643 2003 3732 sufficient5
2046 3669 2149 3709 res
2194 3645 2381 3709 nulla
2425 3649 2688 3710 minoris

1059 3749 1364 3812 constabit
1405 3748 1581 3833 patri
1625 3771 1817 3834 quam
1848 3749 2061 3832 filius.

737 3874 927 3950 Nam,
993 3892 1148 3936 cum
1217 3874 1303 3936 de
1348 3891 1571 3953 puero
1639 3875 1997 3939 educando
2064 3883 2271 3957 poeta
2338 3879 2681 3957 loquatur,
2729 3875 3233 3948 Quintilianum

528 3979 727 4041 illum
773 3977 1122 4058 designari
1151 3978 1299 4041 veri
1346 3978 1772 4041 simillimum
1807 3985 1937 4058 est;
1984 3981 2107 4044 sed
2156 3981 2342 4061 quod
2387 3983 2519 4044 hoc
2547 3999 2702 4044 cum
2750 3999 2955 4044 versu
2989 3997 3235 4043 versus

528 4084 732 4146 huius
779 4087 900 4146 sat.
951 4089 1070 4144 189
1119 4085 1473 4148 cohaeret:

1397 4237 1414 4254 .
1445 4236 1459 4252 .
1505 4188 1674 4250 unde
1717 4186 1926 4272 iyitur
1970 4196 2059 4252 tot

1396 4289 1845 4363 Quintilianus
1888 4292 2068 4357 habet
2112 4294 2369 4360 saltus?

528 4433 625 4495 ibi
691 4450 972 4513 quoque
1036 4434 1539 4506 Quintilianum
1607 4436 2022 4516 magistrum
2101 4439 2511 4520 disciplinae
2579 4439 2963 4505 rhetoricae
3028 4437 3235 4514 signi·

529 4539 726 4601 ficari
792 4539 1163 4618 probabile
1227 4547 1349 4604 est.
1413 4541 1644 4620 Atque
1708 4541 2030 4623 profecto
2079 4545 2165 4608 ad
2213 4545 2718 4617 Quintilianum
2764 4547 2935 4607 haec
2979 4543 3235 4606 referri

741 4769 782 4824 ¹)
820 4765 1052 4816 Librum
1093 4767 1200 4817 VII
1241 4781 1390 4818 anno
1428 4771 1493 4820 92
1534 4771 1745 4820 editum
1787 4785 1902 4821 esse
1942 4773 2184 4822 ostendit
2220 4773 2629 4824 Friedlaender
2666 4775 2758 4836 (H.
2798 4774 2867 4824 M.
2908 4774 2953 4823 R
2990 4773 3138 4833 111⁵).
