3567 5109
1715 307 2200 370 -178—

589 514 748 580 litus
795 519 922 600 est)
967 521 1034 580 et
1077 515 1137 580 P
1157 518 1241 582 33
1287 517 1501 582 iurati
1541 523 1833 594 cernant,
1879 516 2063 581 euius
2108 537 2301 582 usum
2343 499 2531 600 pueri
2570 517 2849 584 discunt.
2896 518 3069 586 oum
3108 519 3327 584 multa

589 621 792 687 verba
853 623 924 688 in
979 623 1375 708 antiquitate
1430 624 1604 688 inter
1657 622 1943 688 activam
1988 629 2055 688 et
2098 625 2429 706 passivam
2474 624 2597 704 vel,
2664 630 2741 690 ut
2784 625 3031 690 rectius
3074 625 3327 706 dican,

590 727 938 794 medialem
985 727 1264 795 formam
1308 728 1703 796 fluctuarent
1747 767 1837 778 -—
1883 751 2016 794 non
2064 730 2343 796 multum
2386 731 2563 796 enin
2604 731 2897 812 interest,
2945 737 3169 798 utrum
3216 733 3321 798 di-

590 842 780 902 catur
822 837 1119 902 nitidant
1157 859 1430 922 corpora
1469 837 1674 922 (Eun.
1711 837 1825 902 Tr.
1866 839 1995 902 125
2022 837 2122 917 R,
2166 839 2293 904 130
2312 837 2453 922 V.²)
2500 859 2585 904 an
2630 840 3009 904 nitidantur
3052 841 3323 924 iugulos

587 943 681 1026 (A
703 945 861 1026 603)
899 981 984 992 --
1021 942 1270 1008 factum
1316 949 1434 1022 est,
1477 950 1554 1008 ut
1597 943 1997 1026 deponentia
2046 945 2245 1010 etiam
2288 945 2545 1028 passive
2584 952 3061 1029 usurparentur
3096 965 3315 1030 neque

589 1071 668 1116 ea
715 1049 876 1130 sola,
925 1071 1205 1134 quorum
1250 1051 1468 1116 activa
1503 1050 1721 1117 forma
1757 1051 2052 1117 nondum
2090 1057 2451 1118 evanuerat
2496 1050 2593 1136 (A
2620 1074 2717 1136 pr.
2750 1055 2834 1118 38
2878 1054 3323 1139 pulcherrim

587 1161 1101 1242 auguratumst),
1145 1157 1262 1223 sed
1301 1157 1434 1224 alia
1473 1179 1734 1242 quoque
1773 1159 2009 1242 (P240
2053 1161 2281 1242 sentia,
2308 1166 2520 1244 pater,
2560 1166 2617 1225 te
2653 1160 2825 1226 vocis
2858 1160 3031 1226 calvi
3062 1160 3313 1226 simili-

591 1266 834 1347 tudine,
891 1264 959 1330 A
980 1267 1105 1331 681
1155 1267 1369 1330 multa
1419 1266 1690 1331 inventa
1733 1272 2119 1351 erpertaque
2162 1289 2241 1331 ex
2284 1267 2399 1332 hoe
2440 1274 2603 1332 sunt
2646 1267 2855 1350 bona).
2904 1305 2989 1315 —
3035 1267 3169 1332 Per
3212 1273 3315 1332 at-

587 1373 978 1438 tractionem
1014 1372 1085 1437 in
1123 1373 1396 1456 antiquo
1436 1393 1734 1438 sermone
1763 1394 1973 1458 posse,
2011 1373 2215 1458 quire,
2252 1375 2522 1458 nequire
2545 1374 2617 1438 in
2647 1374 2979 1440 vicinitate
3006 1373 3315 1438 infinitivi

587 1480 832 1562 passivi
871 1484 938 1544 et
973 1479 1189 1562 ipsum
1225 1479 1313 1544 ad
1349 1479 1684 1563 passivum
1725 1481 1989 1562 ‘genus’
2026 1480 2292 1546 transit:
2340 1480 2399 1546 P
2422 1482 2549 1546 100
2576 1487 2875 1566 potestur
2904 1482 3317 1566 investiqari,

590 1588 720 1652 390
765 1586 1067 1652 contendi
1106 1587 1452 1671 nequitum
1497 1588 1583 1670 vi,
1636 1583 1859 1652 A662
1904 1588 2158 1673 impelli
2196 1639 2211 1653 .
2256 1640 2269 1653 .
2320 1589 2547 1672 quitus
2590 1609 2761 1670 sum,
2809 1587 2887 1652 fr.
2922 1589 3004 1654 18
3042 1587 3129 1652 B.
3158 1610 3313 1674 per-

589 1695 756 1758 disci
795 1715 874 1758 ac
907 1694 1166 1778 percipi
1208 1700 1561 1778 qaeu-ntur.

802 1799 1097 1867 Verbum
1141 1800 1558 1866 transitivum
1594 1801 1657 1865 vi
1695 1800 2082 1866 reflexiva
2116 1801 2403 1884 positum
2440 1807 2560 1881 est,
2612 1802 2723 1884 qui
2760 1822 2916 1866 usus
2952 1801 3311 1892 praecipue

588 1908 658 1972 in
705 1927 1004 1973 sermone
1053 1908 1374 1973 castrensi
1422 1907 1726 1973 omnibus
1773 1908 2177 1991 temporibus
2224 1907 2568 1975 florebat¹:
2640 1908 2700 1972 P
2722 1910 2849 1974 153
2898 1907 3189 1974 Proinde
3232 1915 3316 1974 ut

591 2015 722 2080 ista
765 2021 929 2080 sunt
958 2017 1322 2100 promerita
1365 2021 1595 2099 restra,
1657 2017 2075 2100 aequiperare
2118 2022 2199 2081 ut
2238 2037 2473 2100 queam
2516 2036 2733 2081 vereor
2778 2020 2845 2080 et
2888 2017 3047 2080 407:
3128 2016 3315 2080 Nam

585 2123 651 2186 si
693 2144 856 2206 quae
901 2129 1210 2187 eventura
1253 2128 1417 2187 suut
1449 2124 1857 2208 provideant,
1903 2123 2323 2207 aequiperent
2364 2123 2526 2202 Iovi,
2586 2143 2719 2206 qua
2764 2121 2835 2187 in
2880 2143 2949 2186 re
2998 2111 3313 2187 avunculi

589 2228 984 2294 auctoritate
1031 2228 1268 2294 ductus
1316 2234 1417 2294 est
1461 2227 1852 2312 (Woelfflin.
1892 2250 1957 2312 p.
1990 2231 2076 2312 6),
2127 2229 2241 2312 qui
2275 2226 2674 2294 Africanum
2712 2229 3101 2312 praedicans
3132 2227 3309 2312 (Cic.

589 2334 784 2402 Tusa.
805 2334 871 2404 V
900 2337 1013 2419 49)
1050 2335 1243 2400 dixit.
1283 2335 1566 2418 Nemost,
1603 2336 1724 2420 qui
1755 2336 1953 2420 factis
1986 2337 2406 2420 aequiperare
2440 2341 2636 2420 queat
2668 2337 2766 2418 (at
2792 2333 3017 2400 Livius
3045 2334 3110 2402 V
3130 2336 3237 2414 23,
3264 2336 3309 2399 6

587 2448 810 2526 spreta
855 2442 1202 2507 vetustatis
1245 2441 1544 2506 licentia:
1599 2443 1776 2507 Iovis
1828 2443 2124 2526 Solisque
2168 2443 2351 2526 equis
2394 2442 2887 2528 aequiperatum
2930 2442 3311 2506 dictatorem

587 2550 664 2613 in
707 2549 1084 2633 reliqionem
1129 2550 1514 2633 trahebant),
1563 2553 1797 2614 contra
1839 2551 1912 2613 in
1958 2548 2153 2613 verbo
2201 2546 2609 2633 frequentius
2646 2553 2963 2631 usurpato
2999 2548 3160 2613 Pac.
3198 2569 3307 2612 ur-

585 2654 952 2720 banitatem
995 2663 1260 2722 secutus
1297 2660 1425 2720 est:
1507 2655 1566 2720 P
1587 2657 1716 2721 370
1761 2657 1867 2720 nil
1909 2661 2147 2738 cernat,
2206 2677 2332 2740 quo
2376 2678 2508 2722 sese
2552 2657 2843 2740 adplicet,
2894 2656 3024 2719 356
3070 2677 3205 2739 qua
3250 2661 3313 2718 te

585 2761 988 2846 adplieasti?,
1027 2763 1152 2827 etsi
1179 2761 1440 2826 Ennius
1476 2782 1837 2845 pronomen
1868 2761 2089 2826 omisit
2116 2761 2226 2826 Tr.
2260 2763 2342 2827 77
2372 2761 2509 2849 (R,
2540 2764 2624 2828 88
2645 2761 2785 2845 V.²)
2812 2783 2940 2846 quo
2966 2761 3311 2826 medam?

587 2891 714 2954 quo
759 2869 1118 2954 applicem?
1195 2867 1500 2933 Alterum
1547 2868 1754 2952 (quod
1803 2868 1989 2933 deest
2034 2869 2211 2952 apud
2257 2867 2749 2954 Woelfflinum)
2795 2867 3165 2950 exemplum
3211 2875 3315 2931 est

586 2976 646 3041 P
667 2979 751 3042 94
799 2977 954 3042 Idae
989 2976 1560 3062 prmnunturium,
1606 2977 1845 3059 quoius
1893 2977 2120 3059 linqua
2162 2976 2241 3040 in
2292 2978 2504 3040 altum
2531 2977 2791 3061 proicit.
2840 2974 3107 3040 Pariter
3140 2979 3311 3040 teste

589 3081 810 3149 Gellio
857 3081 962 3150 IV
1010 3083 1244 3162 17,15
1311 3081 1478 3148 Cato
1541 3083 1611 3146 in
1677 3083 1995 3160 oratione,
2066 3103 2262 3165 quam
2327 3083 2407 3148 de
2474 3083 2821 3148 consulatu
2875 3103 2995 3148 suo
3051 3080 3311 3158 habuit,

589 3190 780 3254 dixit.
818 3191 916 3254 ita
951 3211 1072 3254 nos
1104 3189 1237 3272 fert
1270 3211 1309 3253 v
1311 3195 1501 3253 entus·
1536 3191 1623 3252 ad
1647 3190 2012 3274 primorem
2048 3187 2483 3272 Pyrenaeum,
2522 3211 2648 3274 quo
2676 3191 2921 3274 proicit
2952 3191 3032 3254 in
3064 3191 3311 3263 altum;

587 3319 736 3362 cum
784 3296 910 3361 hoc
947 3316 1069 3360 usu
1107 3295 1473 3360 vivacitatis
1510 3294 1706 3379 pleno
1746 3295 1829 3360 cf.
1870 3295 2353 3360 substantivum
2372 3297 2821 3381 proiectura(‘
2832 3295 3251 3379 Vorsprung’
3258 3297 3309 3376 ).

588 3403 820 3471 Cicero
885 3402 955 3467 id
1016 3423 1152 3466 non
1213 3402 1538 3481 toleravit,
1603 3424 1660 3466 v.
1717 3403 1787 3466 in
1842 3402 2118 3470 Verrem
2173 3402 2275 3469 IV
2335 3404 2460 3468 118
2517 3404 2734 3470 urbs.
2780 3454 2826 3485 .,
2890 3425 3057 3487 quae
3106 3454 3119 3466 .
3165 3454 3178 3466 .
3230 3402 3313 3464 in

585 3512 930 3594 utriusque
955 3515 1192 3596 port-us
1228 3511 1470 3575 ostium
1506 3511 1887 3594 aditumque
1914 3511 2203 3594 proiecta
2239 3516 2348 3575 est.
2400 3507 2627 3593 Atque
2656 3511 2955 3593 profecto
2986 3529 3310 3574 memora·

585 3617 716 3682 bile
763 3622 866 3684 est
907 3637 1175 3701 vomere,
1225 3616 1404 3699 quod
1449 3617 1607 3681 item
1651 3617 1958 3699 primitus
2004 3618 2422 3682 transitivum
2465 3617 2591 3682 fuit
2636 3618 2846 3700 (apud
2882 3623 3113 3700 poetas
3148 3615 3308 3680 inde

587 3745 632 3789 a
673 3723 985 3788 Lucretio
1033 3722 1140 3786 hic
1191 3722 1328 3786 illic
1375 3723 1704 3805 passivum
1751 3725 1899 3807 est),
1964 3722 2035 3788 in
2090 3725 2386 3789 oratione
2432 3724 2651 3790 soluta
2696 3745 2950 3807 semper
3005 3721 3305 3788 reflexive

585 3831 956 3897 adhibitum
1001 3851 1163 3909 esse,
1212 3829 1490 3895 eundem
1527 3835 1746 3894 autem
1783 3852 1975 3895 usum
2012 3831 2375 3915 proiciendi
2410 3851 2493 3896 ne
2522 3831 2701 3914 apud
2738 3837 3039 3915 posteros
3074 3835 3309 3912 poetas

590 3939 854 4022 quidem
899 3935 1178 4002 valuisse
1235 3959 1322 3984 —·-
1375 3935 1624 4002 habent
1679 3958 1802 4003 sua
1857 3937 1997 4003 fata
2041 3937 2380 4004 vocabula„
2446 3977 2535 3986 —
2600 3938 2851 4004 Contra
2896 3936 3160 4001 verbum
3204 3937 3309 3999 in-

585 4045 1000 4110 transitivum
1035 4044 1287 4110 factum
1325 4049 1425 4108 est
1461 4046 1905 4109 transitivum:
1946 4044 2155 4110 A287
2194 4047 2481 4130 erumpit
2504 4069 2588 4128 se,
2626 4046 2818 4130 inpos
2846 4044 3094 4126 can-sili,
3124 4041 3307 4127 quod

585 4161 852 4236 praeter
897 4152 1062 4217 alios
1107 4172 1190 4217 ne
1241 4151 1545 4218 Caesaris
1592 4151 1921 4235 elegantia
1968 4152 2233 4236 quidem
2279 4152 2478 4235 plane
2525 4153 2894 4236 repudiavit
2938 4150 3153 4235 (Neue
3188 4149 3305 4213 ΠΙ

591 4262 746 4344 124)
794 4267 861 4324 et
906 4259 962 4324 P
984 4261 1110 4324 347
1157 4261 1366 4326 noetis
1409 4261 1674 4324 decurso
1717 4260 1972 4324 itinere.
2025 4259 2384 4325 Decurrere
2427 4259 2628 4343 prisci
2664 4259 3015 4342 scriptores
3052 4259 3123 4322 in
3159 4255 3301 4321 solo

587 4366 878 4432 ablativo
926 4365 1252 4444 absoluto,
1320 4385 1513 4448 quem
1559 4373 1817 4443 vocant,
1881 4366 2219 4430 transitive
2277 4367 2691 4449 usurpavisse
2748 4367 3069 4445 videntur,
3125 4363 3305 4428 velut

581 4473 684 4538 Pl.
725 4471 930 4538 Stich.
971 4475 1050 4538 81
1093 4475 1358 4538 decurso
1393 4474 1624 4538 aetatis
1659 4474 1872 4558 spatio
1911 4472 2021 4555 (cf.
2063 4473 2213 4538 Ter.
2241 4470 2375 4538 Ad.
2408 4475 2538 4538 860
2574 4473 2711 4538 iam
2748 4494 3013 4538 excurso
3039 4471 3301 4556 spatio),

585 4579 884 4663 adeoque
932 4579 1177 4644 locutio
1225 4601 1349 4643 usu
1395 4578 1674 4662 probata
1721 4585 1840 4660 est,
1889 4586 1964 4645 ut
2009 4578 2358 4645 Lucretius
2404 4579 2519 4644 ΙΙΙ
2570 4582 2740 4645 1042
2786 4601 2923 4645 non
2968 4576 3301 4642 dubitaret

803 4805 822 4842 ²
865 4807 1188 4874 Woelfflin„
1216 4808 1406 4862 ‘Arch.
1437 4807 1474 4860 f.
1507 4809 1603 4862 lat.
1630 4809 1784 4862 Lex!
1816 4809 1869 4863 X
1902 4811 1927 4863 1
1946 4811 2093 4877 -10,
2124 4809 2355 4878 Hauler,
2384 4810 2585 4866 ‘Wiem
2616 4808 2794 4864 stud!
2823 4805 3021 4861 XXVI
3054 4805 3153 4860 159
3178 4821 3299 4872 sqq.
