3567 5109
1654 318 2081 383 -14-

515 513 902 577 concedere
951 512 1819 591 debet'praepositionem'
1856 511 1925 571 in
1992 510 2323 574 facillime
2388 517 2549 592 post
2611 512 2838 573 etenim
2902 513 3227 577 excidere

513 619 844 699 potuisse.
921 616 1165 693 Quam,
1225 633 1382 679 cum
1431 634 1876 695 nequaquam
1925 615 2330 679 desiderare
2375 618 2751 696 possimus,
2796 623 3057 697 postea,
3102 617 3227 681 sed

517 742 656 787 non
703 741 834 785 suo
880 722 1035 784 loco
1083 721 1420 784 insertam
1468 738 1620 784 esse
1668 721 2009 784 existimo,
2056 719 2187 783 Cui
2218 721 2607 784 sententiae
2637 722 2919 785 obstare
2948 723 3225 786 videtur

515 827 1060 909 praepositionis
1107 824 1176 885 in
1223 826 1592 889 collocatio
1640 826 1712 890 in
1776 842 2099 902 caesura;
2180 831 2252 888 at
2313 826 2493 888 hanc
2560 825 2979 905 aliquotiens
3042 826 3226 907 apud

518 931 887 1015 Paulinum
951 931 1121 993 mihi
1184 930 1538 993 invenisse
1603 934 1776 1009 puto
1839 929 1951 1008 (cf.
1999 930 2138 1007 XX,
2209 936 2330 993 167
2404 926 2637 991 medice
2684 929 2787 1011 ἐφη
2848 931 3097 1006 XVIII,
3146 937 3223 991 91

519 1038 652 1119 vim
699 1035 768 1097 in
787 1038 870 1117 1).·
935 1038 1111 1099 Tum
1155 1034 1306 1097 aliis
1350 1035 1526 1097 locis
1573 1033 1740 1095 euim
1788 1038 1855 1097 et
1900 1034 2126 1094 etenim
2172 1052 2327 1096 cum
2374 1034 2503 1097 hac
2550 1037 3073 1115 praepositione
3118 1035 3231 1099 vel

519 1142 592 1205 in
635 1142 965 1222 negativo
1013 1139 1441 1221 synaloepha
1487 1140 1885 1203 coalescunt
1932 1138 2046 1217 (cf.
2097 1138 2333 1216 XXXI,
2384 1146 2504 1201 557
2554 1139 2780 1200 etenim
2826 1140 2927 1217 in,·
2972 1140 3055 1215 X,
3106 1144 3227 1200 198

519 1246 688 1307 enim
749 1244 982 1329 inpia,·
1037 1244 1218 1324 XXI,
1281 1249 1406 1309 242
1473 1243 1642 1305 enim
1703 1243 2015 1326 inrupto).
2103 1243 2329 1316 Quare
2392 1244 2765 1323 legendum
2832 1263 2983 1309 esse
3046 1244 3229 1307 hunc

523 1370 808 1419 versum
855 1349 1311 1413 crediderim:

959 1508 1161 1558 Nostra
1198 1508 1350 1557 salus
1387 1507 1596 1557 etenim
1636 1508 1694 1555 in
1733 1519 1901 1557 cruce
1939 1506 2149 1557 Christi
2186 1512 2240 1557 et
2274 1508 2506 1557 nomine
2543 1512 2779 1559 constat.

521 1651 716 1714 Alter
763 1656 992 1713 autem
1039 1666 1284 1711 versus
1333 1649 1536 1728 (XVI,
1582 1649 1734 1728 223)
1786 1656 1890 1710 est
1934 1650 2075 1711 hic:

1076 1805 1337 1873 (Verane,
1375 1810 1444 1873 te,
1481 1806 1690 1857 facies?
1729 1807 1908 1866 aiunt,
1945 1811 2081 1857 tune
2117 1806 2216 1855 ille
2255 1808 2491 1872 beatus)

1080 1892 1356 1944 Redderis
1393 1894 1493 1956 qui
1531 1898 1684 1944 tanto
1722 1894 1889 1943 nobis
1926 1898 2055 1956 post
2090 1899 2355 1956 tempore,
2392 1892 2594 1943 Felix?

527 2034 759 2097 Etiam
805 2032 938 2097 hoc
983 2035 1138 2095 Ioco
1187 2033 1273 2096 de
1321 2033 1583 2115 duplici
1631 2040 2056 2096 consonante
2104 2052 2189 2095 ex
2239 2034 2557 2096 codicum
2601 2033 2901 2095 lectione
2946 2031 3231 2094 minime

527 2143 812 2203 constat.
905 2136 1197 2201 Codices
1262 2138 1445 2201 enim
1522 2139 1766 2219 optimi
1838 2134 1902 2197 A
1948 2134 2018 2197 D
2072 2134 2127 2205 Q
2191 2138 2523 2201 exhibent
2588 2138 2749 2201 ‘heu
2828 2138 2987 2217 qui’‚
3070 2132 3129 2197 G
3174 2133 3239 2196 R

529 2245 742 2320 ‘aeui²‚
809 2244 1019 2305 ceteri
1067 2243 1270 2321 ,heu’.
1335 2242 1466 2305 Vix
1515 2244 1706 2305 credi
1753 2249 1983 2322 potest
2027 2241 2360 2306 librarios
2406 2243 2787 2306 inseruisse
2832 2240 2973 2316 heu,
3040 2238 3235 2322 quod

525 2348 728 2412 facile
775 2347 1021 2410 abesse
1073 2353 1321 2427 potest.
1378 2348 1639 2411 Contra
1687 2348 2057 2410 relativum
2104 2346 2217 2429 qui
2264 2355 2553 2428 propter
2603 2347 3233 2411 demonstrativum

529 2450 660 2529 ille,
709 2454 898 2532 quod
949 2452 1316 2529 antecedit,
1362 2453 1690 2516 facillime
1743 2453 1907 2515 addi
1959 2448 2595 2532 potuit.'Quoniam
2627 2458 3003 2533 utrumque
3048 2458 3233 2517 stare

525 2560 596 2622 in
663 2576 872 2621 versu
929 2576 1070 2620 non
1117 2562 1366 2639 potest,
1445 2559 1574 2621 hoc
1641 2577 1851 2637 quam
1898 2557 2073 2620 illud
2119 2557 2353 2621 delere
2403 2558 2603 2621 malo.
2670 2556 2902 2631 Quare
2950 2576 3231 2622 versum

529 2666 660 2727 hoc
705 2663 916 2726 modo
963 2662 1476 2726 restituendum
1523 2681 1676 2749 esse
1725 2668 1928 2742 puto:

1086 2785 1321 2887 Verane,
1359 2826 1430 2889 te,
1465 2820 1673 2899 iacies?
1711 2822 2084 2898 aiuntqtune,
2121 2821 2218 2873 ille
2252 2822 2451 2871 beatus

1089 2907 1367 2958 Redderis
1403 2909 1516 2959 heu
1555 2914 1710 2958 tanto
1749 2910 1917 2959 nobis
1955 2914 2081 2972 post
2117 2914 2370 2971 tempore
2406 2907 2607 2957 Felix?

533 3032 772 3111 Neque
819 3033 892 3094 in
938 3050 1146 3094 versu
1195 3032 1437 3109 XVIII,
1489 3040 1608 3094 146
1655 3052 1893 3097 veram
1941 3052 2091 3096 esse
2139 3034 2504 3096 lectionem
2550 3033 2899 3113 suspicor:

1013 3264 1016 3269 -
1087 3188 1194 3238 Sed
1233 3194 1419 3240 tamen
1457 3194 1512 3239 et
1547 3204 1768 3241 roseam
1806 3196 1967 3254 pater
2003 3192 2226 3242 addidit
2261 3192 2449 3244 iudice
2486 3192 2727 3242 Christo.

534 3312 867 3378 Praefero
930 3313 1114 3375 enim
1172 3312 1562 3393 lectionem,
1630 3332 1839 3393 quam
1888 3316 2217 3379 exhibent
2281 3311 2340 3376 G
2388 3312 2450 3375 R
2494 3334 2533 3375 v
2599 3314 2849 3377 ‘indice
2914 3310 3239 3377 Christo’.

535 3420 664 3482 Per
711 3434 784 3482 se
831 3418 1110 3497 quidem
1143 3422 1331 3497 patet
1371 3419 1548 3483 bene
1595 3417 1664 3480 in
1709 3421 1895 3482 hunc
1942 3422 2171 3482 locum
2219 3421 2562 3499 quadrare
2607 3420 2970 3503 lectionem
3002 3414 3235 3501 iudice,

537 3541 693 3585 cum
739 3539 989 3585 munus
1037 3522 1278 3585 iudicii
1326 3524 1693 3587 conveniat
1739 3525 1868 3587 Dei
1916 3514 2093 3589 filim
2161 3527 2249 3589 At
2296 3532 2523 3589 tamen
2571 3543 2899 3588 coronam
2944 3542 3236 3601 roseam,

537 3628 599 3691 h.
645 3646 701 3690 e.
749 3636 1081 3690 coronam
1127 3633 1540 3707 martyrum,
1587 3647 1726 3693 11011
1773 3648 1860 3691 ex
1906 3630 2167 3693 iudicio
2218 3630 2469 3710 accipit
2512 3636 2795 3692 sanctus
2844 3629 3058 3705 Felix,
3116 3628 3237 3707 qui

537 3733 670 3795 iam
719 3732 1010 3792 inventus
1054 3738 1144 3791 eat
1186 3727 1324 3791 aine
1368 3728 1624 3793 macula
1670 3740 1738 3795 et
1783 3752 2019 3794 corona
2068 3731 2275 3809 nivea,
2326 3734 2389 3796 h.
2438 3752 2493 3797 e.
2540 3751 2800 3797 corona
2850 3732 3239 3809 doctorum,

538 3837 835 3900 donatus
900 3842 1023 3899 est.
1111 3835 1344 3907 Quare
1409 3836 1690 3899 defendi
1754 3856 1961 3916 posse
2022 3845 2194 3919 puto
2257 3838 2625 3901 lectionem
2690 3834 2899 3897 indice
2970 3834 3241 3913 Christo,

540 3960 714 4021 quae
761 3941 1058 4002 iteratur
1105 3941 1280 4017 XIX,
1331 3948 1474 4004 326.
1523 3942 1758 4003 Lectio
1808 3948 2035 4005 autem
2082 3942 2399 4005 codicum
2448 3940 2507 4001 A
2554 3942 2618 4004 D
2664 3939 2725 4001 Ε
2778 3938 2833 4011 Q
2886 3937 2946 4000 'I'
2997 3940 3238 4018 ,addit'

538 4050 833 4126 propter
907 4064 1237 4121 ornavere,
1313 4046 1501 4124 quod
1581 4047 1945 4123 antecedit,
2022 4052 2091 4109 et
2165 4044 2546 4128 duplicavit,
2625 4047 2811 4125 quod
2903 4048 3238 4125 sequitur,

538 4150 766 4213 minus
817 4156 978 4229 apta
1027 4168 1178 4211 esse
1228 4149 1524 4214 videtur.
1612 4150 1847 4222 Quare
1892 4151 2099 4229 illam,
2167 4171 2375 4231 quam
2424 4170 2633 4231 supra
2680 4150 3239 4227 commemoravi,

537 4255 762 4334 legem
812 4255 960 4316 sine
1006 4257 1409 4334 exceptione
1456 4256 1690 4319 valere
1738 4256 2174 4321 crediderim.

745 4361 919 4421 Tum
981 4364 1173 4421 muta
1239 4378 1394 4421 cum
1457 4361 1724 4440 liquida
1787 4362 1861 4425 in
1930 4362 2129 4426 initio
2196 4363 2397 4425 verbi
2463 4363 2692 4441 posita
2764 4362 2933 4423 solis
2997 4362 3066 4422 in
3132 4361 3240 4421 his

541 4463 863 4526 versibus
931 4465 1454 4528 antecedentem
1521 4466 1805 4528 brevem
1853 4467 2239 4546 producere
2288 4468 2599 4529 videtur:
2672 4466 2811 4542 XV,
2862 4472 2940 4525 80
2991 4484 3090 4543 sq.
3137 4460 3239 4523 ,ille

545 4563 796 4629 caduca
861 4564 1125 4647 Maluit,
1188 4568 1288 4629 hic
1352 4566 1588 4647 solida'5
1641 4568 2089 4653 yffaesentibus
2152 4568 2260 4631 ille
2327 4570 2599 4632 cohaesit
2663 4578 2729 4632 et
2776 4569 3047 4645 XXVII,
3116 4576 3240 4629 508

747 4760 790 4822 ¹)
829 4760 897 4811 In
953 4761 1042 4811 his
1095 4762 1353 4812 versibus
1401 4764 1626 4825 praeter
1681 4762 2165 4824 penthemimeren
2204 4762 2371 4811 etiam
2428 4760 2936 4823 hephthemimeres
2974 4773 3100 4809 cum
3142 4758 3239 4809 tri-

541 4848 872 4900 themimere
905 4844 1076 4899 statui
1113 4853 1310 4912 potest.
