3567 5109
1695 254 2138 321 -52—

766 464 917 531 Hoc
962 462 1108 529 loco
1158 464 1401 547 optime
1450 465 1838 543 ostenditur,
1887 486 2020 546 qua
2066 466 2322 533 ratione
2367 464 2760 549 compilator
2803 464 2916 531 ille
2962 486 3124 529 usus
3175 466 3288 528 sit.

551 569 729 637 Nam
777 592 923 637 cum
970 572 1211 653 partim
1256 571 1489 637 iisdem
1528 571 1765 655 quibus
1795 571 1988 639 Plato
2029 572 2240 637 verbis
2278 580 2590 653 uteretur,
2630 579 2852 639 tamen
2883 572 3286 637 sententiam

552 680 781 761 ipsam,
830 700 915 745 ne
960 678 1193 746 iisdem
1242 678 1455 749 verbis
1501 680 1918 761 exprimeret,
1967 681 2154 745 cavit.

761 784 847 849 In
890 785 1121 851 eodem
1169 785 1295 851 Rei
1340 784 1643 867 publicae
1680 785 1852 851 libro
1893 789 2285 852 sententiam
2325 808 2562 869 corpus
2603 786 2772 853 male
2813 785 3284 859 administrari,

549 893 603 955 si
650 894 921 975 propria
976 891 1313 959 oculorum
1358 899 1425 957 et
1470 893 1725 959 aurium
1776 894 1980 957 virtus
2029 894 2220 972 desit,
2279 894 2668 973 invenimus,
2723 916 2894 977 quae
2949 894 3150 959 etiam
3209 891 3284 955 in

551 999 897 1065 Alcibiade
946 1000 1257 1078 occurrit3
1308 1000 1559 1066 confer:

690 1158 795 1213 Rei
826 1160 977 1229 publ.
1008 1161 1044 1213 l.
1076 1159 1105 1213 1
1136 1159 1301 1214 353ss
1320 1176 1461 1228 seq.:
1492 1160 1607 1229 Ἆρ’
1628 1164 1703 1216 ἄν
1730 1177 1884 1214 ποτε
1909 1175 1913 1217 ι
2081 1163 2209 1215 Alc.
2237 1162 2422 1216 12613:
2453 1166 2614 1231 rivos
2633 1160 2703 1216 ὀὲ
2725 1160 3285 1231 (παραγιγνομένου

548 1254 819 1317 ὄμματα
865 1250 933 1303 τὸ
980 1252 1178 1303 αὑτῶν
1223 1251 1409 1319 ἔργον
1451 1250 1658 1319 καλῶς
1698 1253 1883 1319 ἀπε-ρ·
1937 1253 1972 1319 ἢ
2011 1253 2520 1321 ἀπογιγνομένου)
2569 1254 2813 1318 ἀμεινον
2850 1253 3129 1317 ὄμματα
3167 1246 3278 1312 (ὀι-

545 1340 831 1407 mmm-0
870 1338 953 1407 μὴ
997 1340 1211 1408 ἔχοντα
1254 1338 1361 1407 τὴν
1406 1340 1603 1393 αὐτῶν
1658 1342 1884 1393 οἰκείαν
1938 1349 2178 1395 numme
2225 1342 2320 1395 καὶ
2367 1342 2671 1410 &pst-rat),-
2717 1340 3008 1407 ὡσαύτως
3051 1336 3278 1403 εἴποιμ’

546 1427 781 1497 ἀρετήν,
836 1426 974 1481 ἀλλ’
1032 1428 1159 1481 ἀντὶ
1214 1434 1320 1496 τῆς
1374 1430 1592 1497 ἀρετῆς
1646 1387 2014 1494 naniam-'av
2041 1432 2130 1485 ὅτι
2165 1434 2410 1499 ὂψεως
2439 1432 2557 1497 μὲν
2591 1428 3137 1499 παραγιγνομένης,
3175 1442 3279 1479 τυ-

546 1518 665 1571 Kal
691 1524 829 1585 πῶς
858 1519 959 1583 (1215
986 1518 1129 1585 ἔφη·
1161 1518 1561 1586 τυφλότητα
1588 1519 1707 1589 γὰρ
1734 1520 1882 1587 Ῑσως
1937 1520 2299 1589 φλότητος
2335 1518 2407 1573 ὁὲ
2443 1519 2943 1587 ἀπογιγνομένης.
2982 1516 3092 1571 καὶ
3129 1512 3180 1567 ὠ
3195 1531 3276 1566 τα

544 1607 750 1675 λέγεις
785 1607 911 1659 ἀντὶ
941 1612 1047 1673 τῆς
1082 1609 1283 1673 ὂψεω
1292 1624 1343 1674 ς.
1385 1647 1397 1659 .
1420 1647 1433 1659 .
1456 1648 1468 1659 .
1514 1608 1739 1660 Οὐκοῦν
1768 1609 1879 1661 καὶ
1906 1605 1912 1678 ξ
1936 1606 2008 1662 δὲ
2035 1609 2386 1676 κωφότητος
2407 1608 2524 1675 μὲν
2552 1606 3054 1675 ἀπογιγνομένης,
3087 1606 3279 1671 ἀκοῆς

544 1692 687 1749 (bra
722 1695 1053 1763 στερόμενα
1078 1702 1183 1763 τῆς
1212 1696 1408 1748 αὐτῶν
1436 1697 1653 1764 ἀρετῆς
1680 1703 1882 1765 κακῶς
1905 1692 1910 1748 l
1936 1695 2008 1751 ὀὲ
2043 1697 2478 1765 ἐγγιγνομένης
2511 1696 2729 1766 βελτίω
2767 1712 2831 1747 τι·
2867 1697 3130 1763 γίγνεται
3177 1694 3275 1744 καὶ.

542 1784 611 1837 τὸ
648 1786 845 1838 αὐτῶν
882 1786 1067 1853 ἔργον
1104 1786 1507 1853 ἀπεργάσεται
1519 1806 1537 1849 ;
1589 1784 1752 1839 Πάνυ
1788 1802 1878 1854 γε.
1903 1783 1910 1857 J
1936 1788 2180 1853 ᾶμεινον
2215 1787 2628 1853 θεραπεύεται.

759 1944 1002 2011 Mirum
1052 1966 1211 2011 sane
1258 1952 1451 2023 esset,
1503 1947 1557 2010 si
1607 1946 1735 2011 duo
1784 1947 2136 2028 scriptores
2188 1946 2416 2010 eodem
2466 1945 2942 2009 sententiarum
2991 1964 3270 2013 conexu,

538 2051 773 2115 iisdem
820 2052 1135 2135 exemplis
1192 2059 1389 2136 atque
1446 2053 1610 2117 adeo
1657 2053 1890 2117 iisdem
1939 2053 2072 2117 fere
2121 2054 2336 2120 verbis
2381 2060 2744 2117 uterentur.
2830 2050 3000 2116 Tum
3045 2051 3114 2115 in
3166 2049 3272 2113 'Re

542 2156 806 2240 publica
851 2159 1085 2240 (353D
1135 2163 1341 2242 seqq.)
1388 2160 1553 2223 haec
1600 2160 1739 2223 fere
1789 2140 2119 2225 sententia
2166 2162 2490 2244 sequitur:
2567 2160 2692 2225 ‘Ut
2738 2156 2910 2223 oculi
2959 2163 3026 2221 et
3073 2177 3271 2223 aures

542 2266 874 2348 propriam
924 2265 1225 2329 virtutem
1274 2266 1542 2343 habent,
1608 2268 1702 2331 ita
1759 2268 1957 2332 etiam
2006 2270 2284 2347 animuS,
2346 2268 2530 2332 cuius
2577 2268 2781 2330 virtus
2829 2264 3081 2329 iustitia
3129 2270 3274 2326 est!

538 2374 729 2437 Haec
795 2374 1125 2438 sententia
1190 2376 1259 2437 in
1308 2374 1655 2439 Alcibiade
1712 2375 1948 2462 (133ss
1995 2378 2206 2459 seqq.)
2263 2397 2397 2441 non
2445 2382 2584 2439 tam
2633 2372 2983 2438 manifesto
3031 2370 3270 2445 elucet,

542 2502 687 2545 cum
732 2486 913 2544 totus
962 2480 1143 2545 locus
1192 2502 1273 2544 ex
1317 2482 1512 2545 variis
1562 2482 1905 2547 sententiis
1953 2482 2346 2565 compilatus
2395 2484 2500 2559 sit,
2567 2502 2801 2562 neque,
2871 2500 3018 2543 cum
3065 2476 3269 2541 verba

538 2609 673 2652 non
722 2594 1106 2671 congruant,
1158 2588 1287 2652 dici
1332 2590 1577 2671 poterit
1622 2588 1901 2653 alterum
1949 2610 2030 2653 ex
2067 2589 2276 2653 altero
2317 2588 2620 2671 pendere.
2671 2587 2806 2652 Sed
2841 2586 2968 2650 hoc
3005 2590 3268 2649 tantum

538 2696 753 2759 dicere
803 2694 1124 2759 voluimus
1170 2702 1382 2759 totum
1430 2695 1713 2761 colorem
1762 2696 1994 2761 horum
2041 2696 2334 2761 locorum
2383 2695 2782 2761 simillimum
2831 2714 2993 2757 esse.

751 2802 995 2867 Mirum
1044 2803 1111 2865 in
1162 2802 1423 2865 modum
1474 2803 1874 2867 dissentiunt
1919 2802 2045 2866 loci
2095 2802 2218 2867 Rei
2269 2802 2445 2885 publ.
2494 2802 2530 2865 l.
2581 2802 2679 2869 IV
2733 2800 2937 2865 441D
2979 2820 3157 2879 seqq.
3199 2808 3272 2859 ct

541 2908 751 2972 Alc-ib.
804 2908 1003 2974 126ss
1052 2930 1229 2991 seqq.
1277 2908 1404 2971 Illo
1456 2911 1627 2973 enim
1676 2910 1801 2973 Rei
1851 2909 2150 2992 publicae
2201 2910 2345 2973 loco
2394 2908 2580 2973 Plato
2630 2930 2778 2971 eum
2823 2909 3070 2971 iustum
3117 2924 3268 2965 esse

538 3016 713 3094 dicit,
764 3016 893 3098 qui,
946 3037 1115 3099 quae
1162 3038 1281 3080 sua
1320 3017 1469 3094 sint,
1520 3016 1767 3081 faciat-¹
1819 3015 2032 3101 Quam
2082 3018 2529 3081 definitionem
2567 3017 2642 3093 is,
2695 3014 2805 3099 qui
2841 3009 3268 3077 Alcibiadem

537 3123 921 3203 composuit,
971 3124 1101 3187 iam
1150 3124 1480 3205 cognitam
1528 3122 1777 3187 habuit.
1849 3124 1982 3188 Sed
2029 3146 2175 3187 cum
2225 3125 2294 3188 in
2333 3124 2432 3187 Re
2491 3120 2756 3205 publica
2797 3120 3059 3183 demum
3097 3115 3267 3179 haec

538 3228 832 3293 definitio
880 3230 1273 3306 inveniatur,
1322 3232 1741 3312 perspicuum
1789 3252 1931 3293 esse
1979 3238 2283 3312 putamus
2325 3231 2708 3311 scriptorem
2748 3226 2901 3291 inde
2941 3222 3266 3289 hausisse.

534 3334 633 3398 At
679 3336 909 3398 mirum
959 3344 1061 3399 est
1108 3336 1475 3399 Alcibiadis
1524 3339 1827 3418 scriptori
1876 3338 2048 3401 hanc
2097 3336 2544 3401 definitionem
2593 3333 3036 3417 displicuisse;
3103 3352 3266 3395 nam

535 3443 717 3505 varia
784 3444 1065 3506 virorum
1132 3450 1197 3505 et
1263 3441 1604 3505 mulierum
1664 3444 1883 3506 studia
1942 3444 2174 3522 adfert,
2243 3450 2316 3506 ut
2363 3483 2446 3489 —
2497 3442 2810 3524 sophistis
2858 3438 3013 3503 talis
3065 3457 3262 3520 argu—

536 3550 852 3613 mentatio
912 3550 1113 3629 digna
1168 3548 1293 3613 fuit
1340 3588 1425 3597 —-—
1475 3551 1874 3613 contrarium
1921 3553 2197 3629 evincat,
2257 3570 2676 3631 quamquam,
2723 3546 2882 3631 quid
2931 3542 3262 3627 significet

533 3659 605 3719 τὰ
644 3658 839 3719 αὑτοῦ
876 3658 1175 3735 πράττειν,
1226 3654 1420 3718 Plato
1460 3653 1974 3737 locupletissime
2013 3663 2080 3720 et
2117 3656 2477 3723 clarissime
2517 3658 2586 3719 in
2622 3657 2770 3737 ipsa
2809 3653 2909 3717 Re
2951 3649 3264 3733 publica2

748 3868 765 3901 ¹
804 3869 1063 3921 Ceterum
1094 3870 1163 3923 τὰ
1194 3872 1372 3923 αὑτοῦ
1397 3870 1679 3937 πράττειν
1717 3870 1864 3936 apud
1903 3869 2194 3922 Platonem
2237 3871 2452 3937 saepius
2489 3869 2796 3921 iuvenitur:
2839 3865 3040 3933 quibus
3071 3864 3260 3916 verbis·

530 3958 699 4013 modo
738 3961 1099 4027 σωφροσύνη
1138 3957 1420 4023 definitur,
1460 3958 1615 4009 velut
1652 3959 1709 4009 in
1750 3958 1890 4011 Tim.
1933 3960 2064 4012 72A
2105 3966 2160 4011 et
2199 3962 2256 4013 in
2294 3960 2514 4013 Charm.
2558 3957 2719 4012 161ss
2759 3974 2928 4023 seqq,
2977 3954 3074 4007 ubi
3113 3972 3258 4020 quac

529 4050 587 4099 in
615 4047 719 4100 hac
751 4046 1074 4099 definitione
1114 4064 1225 4099 non
1265 4048 1399 4098 satis
1436 4046 1713 4114 placeant,
1754 4047 2016 4101 Socrates
2055 4050 2317 4115 ostendit,
2357 4048 2522 4101 modo
2563 4044 2926 4115 philosophus
2965 4044 3036 4095 τὰ
3075 4044 3262 4095 αὑτοῦ

528 4139 774 4205 πράττει
814 4134 1009 4204 (Gorg.
1052 4136 1250 4193 5260).
1327 4136 1721 4203 Compluribus
1780 4142 1966 4189 autem
2025 4136 2129 4190 Rei
2179 4139 2434 4205 publicae
2492 4138 2632 4189 loeis
2690 4134 2800 4195 (IV
2840 4133 3031 4197 433A,
3069 4130 3254 4188 4353,

525 4223 693 4279 4411)
735 4242 865 4291 seq„
904 4224 992 4277 IX
1030 4224 1215 4278 586E)
1256 4226 1323 4277 τὰ
1362 4228 1542 4279 αὑτοῦ
1576 4228 1860 4293 πράττειν
1899 4226 1966 4279 ad
2007 4228 2280 4279 iustitiam
2319 4228 2576 4293 pertinet.
2651 4224 2774 4276 Nisi
2825 4220 2954 4274 inde
3003 4221 3254 4272 iustitia«.-

525 4314 913 4366 deflnitionem
952 4312 1275 4380 depromere
1316 4314 1556 4381 scriptor
1594 4332 1707 4367 non
1744 4317 1945 4382 potuit.

744 4400 764 4435 ²
803 4403 837 4454 l.
879 4402 933 4455 V
970 4401 1136 4454 452ss
1178 4419 1355 4470 seqq:
1406 4402 1517 4471 Ἆρ’
1558 4402 1666 4457 οὖν
1713 4408 1786 4458 οὐ
1827 4412 2074 4471 πρῶτον
2105 4406 2220 4471 μὲν
2258 4414 2430 4459 τοῦτο
2467 4405 2605 4473 περὶ
2644 4406 2841 4457 αὐτῶν
2877 4399 3252 4467 ἀνομολογη-

524 4493 681 4558 τέον,
727 4495 783 4545 εἰ
816 4490 1038 4547 ὁυνατά
1087 4494 1118 4559 ἢ
1164 4496 1253 4557 οὔ,
1300 4494 1393 4545 καὶ
1440 4490 1655 4545 ὀοτὲον
1692 4493 2118 4563 ἀμφισβήτησιν
2153 4495 2273 4547 εἴτε
2311 4510 2399 4561 τις
2435 4494 2856 4562 φιλοπαίσμων
2901 4490 3021 4543 εἶτε
3067 4500 3252 4540 σπου-

525 4579 803 4648 δαστικὸς
846 4582 1049 4635 ἐθέλει
1095 4582 1542 4650 ἀμφισβητῆσαι,
1587 4582 1852 4649 πότερον
1897 4580 2111 4649 δυνατὴ
2159 4584 2338 4650 φύσις
2383 4582 2416 4649 ἡ
2463 4582 2808 4649 ἀνθρωπίνη
2849 4578 2881 4645 ἡ
2922 4576 3136 4645 θήλεια
3183 4584 3250 4645 τῇ

524 4680 630 4723 τοῦ
666 4670 923 4739 ἄρρενος
958 4671 1177 4737 γένους
1214 4677 1563 4737 κοινωνῆσαι
1604 4673 1694 4737 εἰς
1729 4673 1967 4725 ἅπαντα
2004 4672 2074 4723 τὰ
2111 4673 2280 4739 ἔργα,
2330 4673 2362 4739 ἢ
2409 4669 2536 4725 οὐδ’
2575 4673 2665 4738 εἰς
2702 4670 2788 4734 ἓν,
2827 4668 2860 4735 ἢ
2897 4668 2988 4735 εἰς
3029 4666 3102 4719 πὶ
3133 4666 3252 4731 μὲν

526 4760 623 4811 οἷα
658 4776 741 4825 τε,
777 4761 867 4826 εἰς
904 4756 975 4811 ὁέ
1012 4758 1081 4811 τὰ
1118 4761 1205 4824 οὔ,
1243 4759 1337 4811 καὶ
1376 4768 1546 4811 τοῦτο
1586 4757 1655 4825 δι’)
1688 4758 1753 4811 τὸ
1781 4760 1918 4827 περὶ
1957 4759 2061 4815 τὸν
2099 4762 2370 4827 πόλεμον
2407 4760 2685 4829 ποτέρων
2721 4760 2909 4823 ἑστίη
2949 4798 2962 4811 .
2993 4796 3006 4809 .
3038 4795 3051 4809 .
3083 4754 3248 4807 αὐτοὶ
