3567 5109
1439 309 1923 372 —173—

308 517 564 599 volunt,
601 541 737 585 non
775 525 1214 603 respexerunt.
1262 516 1484 603 Quare
1514 521 1684 585 clam
1708 527 1919 605 patre,
1958 520 2115 586 licet
2150 520 2329 604 apud
2356 519 2669 586 Plautum
2696 528 2762 587 et
2790 521 3035 588 Teren-

313 627 477 690 tium
525 626 828 692 omnibus
873 625 1035 691 locis
1081 627 1249 692 clam
1284 633 1546 711 patrem
1583 625 1781 714 (-res)
1830 634 2175 710 appareat,
2230 649 2365 692 non
2410 628 2608 711 plane
2657 628 2924 694 reiciam
2970 635 3037 695 et

311 731 526 798 altero
593 753 852 817 quoque
909 733 1054 798 loco
1111 732 1493 812 ablativum,
1556 754 1750 817 quem
1804 739 1939 798 tres
1987 734 2245 800 codices
2293 739 2579 814 tuentur,
2644 734 3033 818 praeferam,

309 839 496 924 quod
543 840 893 924 singularis
941 840 1154 923 magis
1200 838 1438 922 placet.

529 965 735 1030 Porro
782 963 972 1030 valde
1017 963 1332 1030 notabilis
1379 972 1479 1030 est
1525 962 1591 1029 A
1619 967 1775 1029 445:

712 1108 843 1172 Pro
889 1130 956 1172 se
1001 1109 1273 1192 quisque
1317 1129 1488 1173 cum
1531 1128 1768 1172 corona
1812 1108 2071 1172 clarum
2114 1112 2397 1172 conectat
2438 1114 2651 1193 caput.

310 1249 626 1316 Ablativo
661 1249 1081 1315 instrumenti
1119 1250 1312 1328 enim,
1343 1254 1418 1314 ut
1445 1249 1541 1314 ait
1569 1247 1889 1314 Schmalz.
1926 1247 1993 1328 (l.
2022 1247 2063 1312 l.
2103 1271 2162 1331 p.
2193 1249 2368 1330 273),
2405 1249 2477 1315 in
2512 1248 2739 1314 infima
2769 1249 3032 1315 demum

309 1355 674 1422 Latinitate
729 1379 880 1422 cum
945 1357 1228 1422 additur.
1316 1355 1617 1440 Draeger
1681 1356 1862 1421 nullo
1920 1354 2115 1420 verbo
2171 1354 2366 1419 huius
2419 1376 2576 1420 usus
2632 1357 3031 1423 mentionem

309 1462 490 1543 facit,
555 1463 839 1528 Kiihner
903 1463 1166 1548 quidem
1231 1464 1396 1528 duos
1461 1463 1826 1545 priscorum
1870 1460 2053 1527 locos
2114 1460 2365 1526 adfert:
2425 1460 2657 1528 Claud.
2714 1461 3030 1547 Quadrig.

309 1591 378 1652 p.
418 1572 568 1650 208,
617 1573 656 1636 9
705 1569 951 1652 (Peter)
1011 1572 1270 1636 silentio
1323 1570 1494 1653 facto
1549 1592 1699 1635 cum
1753 1590 1896 1635 voce
1949 1569 2247 1634 mamma
2298 1571 2659 1634 conclamat
2701 1576 2768 1635 et
2811 1569 3027 1638 Varro

314 1675 390 1743 L.
437 1675 512 1742 L.
550 1675 618 1744 V
655 1679 735 1742 21
763 1684 962 1742 derra
1005 1678 1084 1742 in
1126 1698 1460 1761 auyurum
1497 1677 1683 1741 lz‘bm‘s
1717 1676 1963 1761 scripta
1996 1697 2149 1740 cum
2190 1697 2230 1739 r
2264 1695 2419 1754 uno,
2476 1676 2594 1741 sed
2636 1677 2707 1740 in
2752 1677 2832 1742 iis
2878 1699 3031 1744 cum

306 1783 608 1849 excusari
651 1789 889 1867 potest,
954 1784 1109 1867 quia
1157 1785 1448 1866 proxime
1505 1782 1831 1848 accedunt
1884 1781 1971 1846 ad
2019 1781 2381 1846 ablativum
2429 1780 2621 1847 modi.
2711 1781 2873 1848 AJia
2920 1805 3025 1848 ex-

305 1890 529 1974 empla
583 1890 783 1973 igitur
836 1891 1469 1973 circumspectemus.
1553 1888 1860 1956 Offerunt
1912 1909 1981 1954 se
2029 1888 2239 1954 Lucil.
2277 1891 2406 1954 449
2462 1889 2722 1969 (Marx.‚
2761 1892 2890 1956 373
2928 1891 3024 1970 L„

302 1996 501 2062 XIII
540 1998 574 2062 1
625 1997 742 2080 Μ.)
805 1999 1067 2063 acribus
1127 1999 1302 2062 inter
1363 2019 1430 2062 se
1491 2019 1642 2062 cum
1703 1997 1912 2062 armis
1965 1996 2305 2080 confliycrc
2356 1996 2601 2060 cer-niv
2663 2003 2731 2061 et
2787 1996 3026 2064 Oatull.

301 2103 622 2174 XCVII]
661 2105 730 2170 3:

820 2177 952 2240 ista
993 2198 1146 2240 cum
1192 2176 1437 2259 linqua,
1484 2175 1546 2239 si
1589 2197 1750 2239 ustas
1796 2175 2019 2239 veniat
2062 2173 2199 2254 tibi,
2236 2173 2453 2258 possis

821 2284 998 2348 culos
1042 2288 1106 2348 et
1146 2282 1438 2367 &cpida-s*
1486 2283 1722 2366 linycre
1767 2282 2164 2366 carpatinas.

299 2425 414 2490 Ex
457 2446 756 2491 sermone
803 2423 1059 2508 plebeio
1108 2429 1441 2507 sumptum
1489 2443 1631 2488 esse
1677 2428 1743 2488 et
1788 2421 2117 2506 proverbii
2160 2422 2373 2486 instar
2409 2421 2611 2488 fuisse
2650 2422 3023 2490 declaratur

284 2531 634 2614 *prioribus
679 2531 1000 2595 versibus:

765 2673 852 2737 In
900 2678 975 2755 te,
1021 2673 1084 2736 si
1125 2673 1204 2736 in
1247 2692 1656 2756 quemquam,
1702 2672 1836 2736 dici
1870 2677 2040 2756 pote,
2076 2671 2309 2756 putide
2372 2671 2555 2750 Victi,

762 2780 835 2844 id
876 2781 1050 2864 quod
1090 2780 1370 2844 verbosis
1413 2779 1658 2843 dicitur
1701 2784 1764 2844 ct
1804 2779 2035 2862 fatui-s.

295 2919 634 3004 Sequitur,
677 2927 751 2986 ut
783 2923 856 2986 in
893 2942 1191 2986 sermone
1228 2920 1376 2985 rudi
1415 2927 1482 2984 et
1515 2919 1817 3004 impolito
1854 2926 2111 2985 mature
2148 2920 2313 2984 haec
2350 2927 2681 2985 structura
2717 2920 3017 3000 tolerata,

293 3028 387 3094 ab
432 3027 812 3093 urbanitate
861 3049 1116 3111 semper
1161 3027 1458 3094 exsulare
1503 3028 1682 3093 iussa
1728 3029 1832 3093 sit.
1924 3027 2173 3093 Contra
2217 3026 2459 3092 Holtze
2505 3048 2567 3110 p.
2607 3029 2689 3092 27
2736 3027 2807 3093 iu
2851 3028 2910 3092 P
2933 3031 3012 3094 17

269 3121 410 3218 Jscd
460 3158 612 3201 cum
662 3137 888 3201 animo
941 3137 1192 3201 attendi
1239 3137 1328 3200 ad
1378 3136 1841 3220 quaerendmn‚
1908 3135 2070 3219 quid
2120 3134 2257 3216 siet,
2324 3139 2568 3198 temere
2625 3135 2824 3199 sumit
2865 3157 3016 3201 cum

289 3242 852 3326 praepositionem
910 3262 1050 3306 esse
1097 3240 1202 3320 (cf.
1248 3265 1313 3326 p.
1355 3243 1525 3322 171).
1588 3279 1674 3289 —
1741 3241 2044 3305 Breviter
2098 3241 2423 3324 attingam
2468 3237 2683 3306 A437
2732 3243 3019 3307 conlocat

285 3371 426 3415 sese
469 3350 547 3414 in
593 3351 822 3427 locum,
875 3349 1031 3431 quia
1067 3347 1176 3413 hic
1211 3349 1288 3414 in
1325 3370 1472 3412 cum
1511 3348 1885 3413 accusativo
1932 3348 2219 3431 positum
2256 3352 2356 3412 est
2392 3368 2512 3430 pro
2552 3346 2841 3412 ablativo
2856 3347 2901 3428 ³,
2949 3355 3017 3413 et

289 3454 362 3521 A
385 3457 513 3521 670
557 3457 635 3520 in
678 3461 894 3520 monte
950 3455 1172 3520 Oetaeo
1218 3456 1437 3539 (sunt)
1481 3455 1725 3520 inlatae
1764 3456 2110 3540 lampadae,
2158 3454 2316 3538 quia
2353 3452 2753 3520 Ribbeckius
2788 3455 2860 3519 iu
2898 3454 3011 3519 ad·

285 3562 638 3627 notatione
683 3566 966 3644 reputat,
1016 3582 1102 3626 an
1148 3562 1224 3625 in
1269 3567 1554 3627 montem
1599 3562 1905 3627 Oetaeum
1942 3555 2291 3646 legendum
2329 3560 2431 3626 sit.
2473 3559 2559 3625 Id
2595 3581 3013 3645 nequaquam

286 3667 518 3748 cred03
585 3668 672 3733 ad
717 3669 1137 3751 participium
1181 3668 1426 3733 inlatae
1471 3667 1748 3733 fortasse
1799 3668 2059 3734 dativus
2106 3667 2512 3752 supplendus
2558 3673 2675 3747 est,
2738 3674 2814 3733 ut
2858 3669 3011 3732 sim-

263 3774 554 3862 ⁸pliciter
596 3775 843 3840 valeat:
914 3775 1048 3839 ‘cui
1092 3776 1163 3839 in
1211 3780 1431 3839 monte
1481 3774 1732 3840 Oetaeo
1781 3797 1979 3860 rogus
2024 3776 2329 3841 incensus
2376 3775 2522 3840 est’.
2581 3812 2663 3822 —-
2729 3774 3010 3858 Propter

282 3881 690 3947 locutionem
735 3881 1052 3948 notabilis
1097 3887 1200 3946 est
1243 3881 1524 3962 P402s3
1572 3883 1847 3947 eundem
1890 3883 2066 3966 filios
2108 3883 2241 3947 sibi
2270 3903 2642 3967 procreasse
2689 3903 2831 3966 per
2883 3881 3004 3946 Oa-

287 3989 628 4074 Jypsonem
672 3995 1058 4067 autu-mann
1104 3986 1541 4071 explicatione
1588 4008 1724 4053 non
1771 3995 1935 4072 eget.
1993 4026 2075 4037 -
2144 3985 2392 4072 Super
2441 4009 2589 4052 cum
2634 3988 3007 4053 accusativo

281 4093 506 4161 ]ocum
559 4092 890 4180 significat
946 4094 1011 4161 A
1032 4097 1161 4160 335
1213 4095 1426 4179 Super
1479 4095 1718 4159 Oceani
1768 4101 2001 4179 stayna
2050 4148 2063 4161 .
2120 4147 2131 4160 .
2182 4095 2469 4159 revisam
2521 4095 2777 4175 (unicus
2826 4093 3009 4160 locus

505 4340 524 4376 ²
575 4341 640 4394 L.
688 4341 930 4396 Mueller
985 4342 1042 4394 in
1098 4345 1396 4396 comment.
1444 4359 1495 4411 p.
1535 4342 1642 4396 234
1697 4359 1823 4396 cum
1874 4342 2060 4410 potius
2118 4343 2579 4398 coniunctionem
2629 4359 2796 4412 quam
2851 4361 3006 4414 prae-

278 4431 618 4500 positionem
675 4447 789 4482 esse
847 4430 1151 4497 existimat,
1206 4431 1358 4500 quod
1411 4435 1641 4500 propter
1697 4431 2123 4484 collocationem
2169 4430 2472 4484 verborum
2528 4449 2643 4486 non
2697 4432 3004 4501 amplector

276 4523 346 4573 -et
389 4520 651 4573 Accianis
695 4517 948 4572 versibus
1004 4518 1216 4590 (44415)
1271 4518 1642 4587 dissuadetur,
1699 4519 1795 4573 ubi
1850 4519 2119 4586 asyndeto
2177 4519 2247 4573 de
2306 4521 2701 4575 coniunctione
2756 4522 3003 4591 cogitare

275 4613 556 4662 vetamur.

497 4712 520 4748 ²
552 4713 873 4767 Promiscue
928 4720 1226 4785 utrumque
1281 4733 1472 4768 casum
1527 4717 1742 4784 priscos
1797 4717 2093 4786 scriptores
2150 4717 2471 4773 adhibuisse
2528 4718 2777 4786 Draeger
2820 4718 2849 4772 Ι
2895 4719 3003 4776 658

267 4801 544 4857 ostendit.
