3567 5109
1491 319 1975 384 -185‚-

979 511 1094 595 qui
1142 510 1376 575 Curios
1423 509 1734 574 simulant

377 670 544 733 ibid.
595 675 920 750 153sqq.=
974 665 1213 733 Curius
1260 667 1417 757 quid
1461 671 1648 735 sentit
1690 679 1748 732 et
1792 668 1972 733 ambo

977 771 1348 858 Scipiadae,
1415 771 1573 862 quid
1623 771 1970 838 Fabricius
2012 796 2350 863 manesque
2404 773 2691 854 Camilli,

985 876 1141 968 quid
1193 877 1531 942 Cremerae
1579 877 1734 964 le9io
1777 887 1837 942 et
1887 877 2137 944 Cannis
2180 889 2553 964 consumpta
2596 879 2909 944 iuventus.

983 992 1072 1046 tot
1118 982 1422 1046 bellorum
1466 983 1744 1064 animae,
1794 985 2081 1073 quotiens
2127 984 2274 1047 hinc
2319 983 2472 1049 talis
2516 982 2603 1047 ad
2646 982 2790 1047 illos

977 1087 1200 1152 umbra
1244 1086 1460 1152 venit?
1509 1099 1811 1176 cuperent
1857 1087 2145 1170 luetrari,
2173 1140 2193 1158 .
2216 1141 2237 1158 .
2267 1142 2284 1158 .

383 1247 548 1310 VIII
597 1251 720 1310 254
751 1266 904 1330 sqq.
925 1271 938 1310 :

993 1385 1276 1473 plebeiae
1307 1389 1650 1453 Deciorum
1697 1389 1992 1468 animae,·
2026 1388 2278 1475 plebeia
2305 1391 2591 1476 fiterunt

1003 1495 1298 1573 nomina‚·
1345 1515 1467 1580 pro
1511 1495 1657 1557 totis
1702 1491 2053 1580 leqionibue
2097 1494 2167 1556 hi
2208 1503 2418 1558 tamen
2462 1502 2518 1556 et
2546 1515 2675 1579 pro

1007 1597 1290 1662 omnibus
1333 1597 1606 1662 auxiliis
1650 1607 1837 1684 atque
1881 1601 2053 1661 omni
2091 1598 2253 1683 pube
2299 1596 2547 1663 Latina

1010 1702 1343 1790 sufficiunt
1387 1703 1490 1767 die
1534 1704 1815 1790 infernin
1866 1701 2226 1791 Terraeque
2263 1704 2531 1788 parenti
2535 1724 2560 1780 ,-

1003 1805 1228 1892 plurie
1273 1808 1435 1872 enim
1480 1807 1672 1873 Decii
1715 1829 1907 1898 qua-m
1954 1830 2117 1896 quae
2162 1817 2502 1874 servantur
2544 1807 2622 1870 ab
2671 1805 2822 1870 illis.

381 1981 544 2043 ibid.
593 1987 719 2046 262
739 2002 923 2066 sqq.:
1377 2041 1392 2055 .
1425 2041 1437 2053 .
1471 2041 1484 2052 .
1520 2043 1528 2048 .
1571 2043 1576 2052 .
2092 2037 2109 2052 .
2138 2035 2154 2052 .
2183 1993 2243 2048 et
2284 2007 2443 2069 quos

1003 2109 1302 2176 maynum
1345 2088 1598 2177 aliquid
1639 2088 1839 2154 dubia
1878 2113 2000 2174 pro
2048 2088 2325 2154 libertate
2368 2088 2639 2166 deceret,

1007 2192 1176 2281 quod
1219 2195 1567 2258 miraretur
1620 2217 1762 2258 cum
1816 2193 2049 2258 Coclite
2096 2193 2357 2258 Mucius
2386 2245 2402 2261 .
2432 2245 2449 2258 .

383 2357 535 2420 XIV
583 2363 708 2420 238
744 2374 875 2434 sq.:
997 2401 1015 2418 .
1045 2405 1060 2420 .
1089 2404 1108 2419 .
1154 2373 1428 2420 amor..

1014 2466 1290 2545 quantus
1333 2467 1476 2522 erat
1509 2457 1773 2543 patriae
1822 2457 2168 2520 Deciorum
2212 2458 2281 2519 in
2320 2465 2577 2541 pectore
2612 2508 2621 2519 .
2654 2506 2668 2520 .

587 2636 858 2700 Deinde
903 2635 1139 2716 magni
1188 2637 1522 2700 momenti
1587 2654 1741 2699 esse
1798 2640 1968 2716 puto
2016 2634 2524 2708 Quintilianum
2582 2641 2647 2698 et
2701 2631 3095 2698 Iuvenalem

385 2741 796 2805 Ciceronem
842 2740 1130 2822 plurimi
1179 2741 1444 2806 fecisse.
1489 2742 1661 2805 Nam
1710 2759 1867 2804 cum
1917 2740 2231 2803 nonnulli
2277 2741 2642 2804 rhetorum
2689 2738 3093 2801 Latinorum

383 2845 706 2910 Ciceroni
754 2845 1016 2910 tuerint
1061 2845 1497 2910 infestissimi
1545 2846 1762 2910 veluti
1814 2845 2088 2910 Cestius
2137 2845 2321 2922 Pius,
2387 2863 2594 2925 quem
2626 2843 2832 2908 Plotii
2882 2847 3093 2906 secta-

384 2959 606 3014 torem
653 2949 870 3016 iuisse
917 2968 1131 3031 supra
1179 2950 1339 3028 dixi,
1357 2951 1404 3029 ¹)
1472 2951 1559 3014 ad
1605 2952 2022 3017 sententiam
2087 2951 2482 3014 Iuvenalem
2530 2967 2615 3012 ex
2663 2948 3095 3023 Quintiliano

381 3057 685 3136 pendere
748 3054 1186 3137 probandam
1243 3056 1536 3119 multum
1578 3055 1823 3132 valet,
1855 3055 2045 3134 quod
2093 3072 2268 3135 quae
2314 3054 2657 3117 Iuvenalis
2712 3059 2781 3118 et
2827 3051 3094 3125 Quinti-

383 3161 607 3224 lianus
655 3160 739 3224 de
786 3160 1123 3224 Cicerone
1169 3162 1628 3240 protulerunt,
1675 3165 2089 3240 congruunt.

587 3265 887 3328 Tantum
933 3265 1116 3328 enim
1166 3263 1382 3341 abest,
1428 3269 1506 3328 ut
1550 3263 2021 3337 Quintilianus
2068 3263 2389 3326 similiter
2448 3271 2658 3344 atque
2704 3262 2978 3348 Cestius
3025 3265 3093 3325 in

385 3367 794 3433 Ciceronem
855 3370 1237 3446 invehatur,
1303 3375 1379 3431 ut
1452 3387 1609 3432 eum
1671 3369 2000 3432 laudibus
2065 3369 2137 3432 in
2201 3369 2469 3431 eaelum
2532 3369 2731 3432 tollat
2796 3386 3092 3447 eumque

381 3473 965 3554 perfectissimum
1039 3491 1190 3536 esse
1249 3475 1478 3536 multis
1533 3473 1708 3536 locis
1755 3474 1972 3550 dicat3
2037 3474 2251 3536 veluti
2307 3474 2475 3536 Inst.
2526 3492 2624 3537 or.
2672 3472 2707 3535 I
2756 3481 2811 3550 5,
2860 3481 2941 3536 44
2987 3469 3097 3533 sed

384 3600 564 3664 quem
606 3577 820 3661 potius
869 3597 975 3661 eqo
1025 3597 1220 3662 quam
1267 3574 1357 3638 M.
1402 3574 1690 3638 Tullium
1736 3577 2017 3663 sequar?
2061 3579 2112 3656 Ι,
2163 3587 2217 3655 6,
2274 3586 2347 3639 18
2400 3597 2559 3663 quae
2604 3575 2696 3640 M.
2738 3573 2991 3638 Tullius
3022 3577 3089 3637 in

391 3681 657 3744 Oratore
693 3679 955 3744 divine
994 3688 1064 3742 ut
1103 3681 1312 3743 omnia
1361 3682 1733 3768 eareequitur
1776 3681 1813 3745 I
1845 3688 1901 3760 7,
1951 3689 2031 3744 34
2064 3703 2150 3744 an
2180 3679 2319 3744 ideo
2348 3681 2556 3744 minor
2595 3689 2685 3744 eet
2713 3679 2805 3744 M.
2846 3677 3097 3743 Tullius

379 3794 614 3862 orator,
661 3783 832 3873 quod
875 3783 1038 3847 idem.
1066 3785 1228 3846 artie
1257 3784 1448 3847 huius
1477 3783 2001 3870 diliyentiesimue
2029 3787 2175 3874 fuit
2206 3797 2265 3848 et
2294 3785 2365 3848 in
2397 3784 2567 3867 filio,
2600 3793 2671 3848 ut
2702 3782 2773 3846 in
2804 3783 3097 3868 epistulis

380 3900 670 3976 apparet,
715 3900 874 3954 recte
923 3889 1226 3978 loquendi
1266 3910 1458 3974 asper
1505 3911 1752 3978 quoque
1781 3893 2085 3955 exactor?
2118 3895 2347 3974 Atque
2378 3893 2585 3955 huius
2617 3891 3093 3955 admirationis

385 3999 846 4062 clarissimum
895 3997 1287 4078 exemplum
1321 4003 1548 4061 exstat
1592 4001 1662 4062 in
1695 3999 1865 4063 Inst.
1915 4017 2013 4064 or.
2061 4000 2119 4061 X
2158 4007 2210 4076 1,
2249 4005 2369 4062 105
2414 4016 2564 4078 sqq.
2619 3995 2916 4058 Oratores
2946 4016 3091 4056 vero

387 4099 485 4163 rel
519 4102 880 4185 praecipue
929 4097 1226 4164 Latinam
1273 4099 1696 4184 eloquentiam
1729 4124 1957 4186 parem
1984 4104 2214 4189 facere
2264 4100 2545 4165 Graecae
2584 4107 2883 4184 possunt:
2947 4120 3087 4162 nam

390 4205 752 4268 Ciceronem
817 4205 1190 4294 cuicumque
1253 4227 1462 4268 eorum
1507 4206 1783 4290 sortiter
1838 4207 2254 4292 opposuerint.
2321 4204 2457 4268 Nec
2502 4205 2743 4291 iquoro,
2788 4213 3086 4289 quantam

385 4310 540 4374 mihi
565 4311 865 4374 concitem
900 4331 1192 4396 puy‘nam
1221 4361 1238 4378 .
1268 4361 1284 4377 .
1315 4309 1447 4372 108
1481 4309 1656 4373 Nam
1699 4310 1856 4374 mihi
1900 4310 2149 4375 videtur
2180 4311 2271 4376 M.
2313 4309 2577 4389 Tullius,
2627 4331 2772 4372 cum
2800 4331 2865 4371 se
2897 4317 3090 4372 totum

380 4413 468 4477 ad
511 4415 925 4479 imitationem
973 4414 1370 4480 Graecorum
1411 4414 1789 4496 contulisset,
1834 4416 2164 4503 effluatiese
2194 4416 2319 4480 vim
2358 4414 2814 4490 Demosthenis,
2848 4415 3094 4498 copiam

383 4517 690 4596 Platonis,
745 4519 1200 4583 iucunditatem
1254 4519 1574 4585 Isocratis.
1621 4520 1762 4584 Nec
1808 4542 1959 4584 vero
2002 4520 2180 4609 quod
2222 4521 2296 4584 in
2326 4541 2567 4604 quoque
2599 4521 2897 4603 optimum
2925 4520 3090 4606 fuit,

383 4622 593 4688 studio
637 4633 1002 4688 consecutus
1061 4633 1152 4688 est
1195 4633 1462 4704 tantum,
1523 4623 1633 4688 sed
1665 4624 2002 4710 plurimae
2046 4624 2149 4688 vel
2186 4626 2406 4712 potius
2452 4645 2659 4688 omnes
2711 4646 2789 4687 σω
2844 4645 2908 4688 se
2954 4623 3093 4712 ipso

595 4838 635 4900 ¹)
671 4838 729 4890 Is
763 4839 916 4891 enim
954 4837 1285 4890 ciceronem
1322 4835 1522 4888 litterae
1558 4836 1714 4886 scisse
1749 4838 1977 4904 negavit
2014 4839 2223 4902 (senec.
2263 4838 2422 4894 Sues.
2458 4835 2569 4900 VH
2608 4838 2711 4901 13).
