3567 5109
1432 317 1916 380 ——181-

306 525 601 592 cederet:
668 525 841 611 quod
884 528 973 592 ad
1010 528 1190 610 isto-5,
1244 528 1364 612 qui
1402 580 1415 593 .
1464 577 1479 594 .
1524 575 1563 608 .,
1610 529 1862 606 attinet,
1918 528 2014 593 ita
2067 535 2142 592 ut
2188 527 2695 596 convertendum
2742 529 2854 594 sit:
2914 529 3030 594 ‘da

302 632 463 697 muss
493 654 647 699 man
676 634 861 699 mehr
886 633 1091 699 boren
1120 634 1220 700 als
1250 633 1480 700 Gehor
1507 634 1890 700 schenken’.
1935 634 2198 700 Deinde
2229 634 2478 718 aliquid
2505 636 2800 703 inusitati
2817 636 3032 702 ,habet

302 739 373 804 A
396 742 524 807 485
580 741 785 806 Gaius
830 763 943 807 «vos
991 743 1263 806 tumulti
1304 764 1505 808 eausa
1548 743 1852 808 aec-ierim
1896 749 1958 806 et
1991 743 2154 827 quid
2187 763 2436 826 parem,
2494 744 2860 826 (animum)
2905 745 3024 808 ad-

304 849 597 912 vortit01.
684 847 911 912 Facile
966 848 1230 931 quidem
1287 850 1521 928 evenit,
1585 857 1661 914 ut
1714 849 1998 932 scriptor
2052 871 2093 914 a
2148 847 2466 932 singulari
2525 849 3029 927 multitudinem,

308 975 479 1037 quae
515 953 629 1018 illo
679 954 1271 1038 comprehenditur,
1328 957 1685 1038 respiciens
1730 957 1804 1020 in
1849 976 2194 1020 numerum
2240 955 2560 1040 pluralem
2603 961 2900 1021 transeat
2945 957 3028 1038 (v.

303 1061 374 1126 A
395 1063 525 1126 686
581 1061 753 1127 Pars
814 1062 1009 1146 frena
1064 1069 1278 1130 tensae
1330 1068 1521 1147 atque
1574 1063 1679 1128 ori
1732 1085 2046 1147 equorum
2099 1065 2626 1148 accommodant),
2671 1063 2812 1128 -sed
2863 1069 2936 1127 ut
2989 1083 3026 1128 e

307 1169 657 1248 contrari0,
705 1167 819 1232 ubi
864 1167 1104 1251 plurali
1152 1170 1368 1252 posito
1416 1171 1559 1233 eius
1608 1170 1824 1234 animo
1875 1168 2242 1252 complures
2288 1170 2584 1235 homines
2631 1170 2734 1234 vel
2769 1190 2874 1234 res
2913 1169 3027 1233 ob-

304 1275 545 1340 versati
574 1283 744 1355 sunt,
776 1276 863 1340 ad
892 1275 1292 1359 singularem
1323 1275 1687 1356 delabatur,
1718 1297 1869 1341 raro
1899 1275 1990 1341 fit.
2037 1276 2237 1342 Tales
2266 1279 2516 1342 numeri
2545 1277 3026 1361 discrepantiae
3136 1285 3140 1288 '

303 1382 661 1466 praecipue
724 1383 793 1448 in
859 1383 1076 1466 legum
1142 1382 1437 1448 formulis
1494 1391 1773 1462 exstant,
1837 1382 2015 1449 velut
2068 1385 2138 1448 in
2192 1384 2324 1450 tab.
2377 1385 2580 1450 Bant.
2635 1383 3028 1468 (Schneider

304 1511 365 1554 n.
407 1491 557 1569 292,
611 1491 751 1574 18):
799 1491 1107 1555 imaranto
1151 1492 1333 1575 apud
1374 1497 1771 1574 quaestorem
1815 1541 1828 1556 .
1874 1543 1890 1557 .
1941 1493 2120 1575 (sese,
2167 1513 2332 1576 quae
2376 1514 2453 1556 ex
2496 1493 2559 1557 h.
2603 1493 2643 1558 l.
2686 1491 3030 1576 oporte>bit

302 1598 643 1681 factu-rum
683 1648 698 1663 .
742 1649 757 1662 .
808 1597 921 1680 (cf.
966 1596 1338 1680 Altenburg
1382 1596 1425 1662 l.
1471 1597 1513 1664 1.
1558 1619 1620 1680 p.
1650 1599 1828 1682 519).
1921 1597 2288 1683 Singularis
2333 1598 2654 1664 eiusmodi
2698 1597 2862 1664 locis
2909 1597 3027 1662 ad-

306 1703 605 1782 mittitur,
651 1704 807 1787 quia
851 1705 1123 1788 quisque
1168 1703 1533 1769 subiectum
1579 1704 1987 1786 subauditur,
2037 1726 2186 1770 eum
2233 1705 2472 1789 singuli
2520 1726 2596 1772 eo
2635 1713 3026 1770 moneantur

301 1812 553 1876 iussum
600 1809 687 1876 ad
734 1831 1257 1894 unumquemque
1306 1818 1623 1894 spectare.
1670 1850 1757 1858 -—
1802 1812 1934 1877 Per
1980 1813 2295 1896 synesin
2343 1811 2613 1896 pluralis
2661 1812 3026 1878 collocatus

302 1925 407 1983 est
457 1915 705 1983 A425:
782 1917 1065 1983 Oeneum
1117 1919 1361 2002 aliquis
1413 1924 1565 1983 cette
1616 1919 1695 1983 in
1739 1926 2148 2004 conspectum
2202 1927 2322 1984 aut
2372 1941 2492 1984 nos
2542 1969 2559 1987 .
2610 1971 2626 1986 .
2675 1921 2888 1986 ducite
2939 1920 3028 1985 ad

300 2046 471 2105 eum,
537 2044 707 2108 quae
752 2030 1081 2089 structura
1140 2045 1219 2089 ex
1274 2045 1571 2090 sermone
1620 2025 1953 2091 cotidiano
2010 2031 2272 2108 sumpta
2317 2031 2418 2090 est
2463 2026 2670 2110 (apud
2713 2025 3026 2090 Plautum

301 2131 686 2214 frequenter
731 2133 1063 2216 occurrit).
1106 2131 1461 2196 Praeterea
1508 2138 1790 2196 veterem
1836 2131 2182 2197 formulam
2218 2131 2536 2198 habemus
2573 2131 2640 2197 A
2663 2135 2792 2199 428
2821 2155 3019 2218 prae-

300 2245 480 2304 sente
524 2240 647 2318 his,
694 2238 808 2303 ubi
846 2245 1184 2323 praese-nte
1229 2260 1433 2322 prope
1480 2240 1989 2323 praepositionis
2033 2240 2244 2305 instar
2290 2248 2406 2306 est.
2451 2239 2588 2306 Sed
2637 2262 2784 2306 cum
2820 2241 3024 2324 parti-

304 2345 549 2429 cipium
587 2365 729 2410 esse
768 2365 1025 2429 semper
1062 2346 1429 2425 sentiretur,
1480 2368 1521 2410 a
1558 2367 1721 2428 puro
1760 2367 2060 2412 sermone
2097 2347 2547 2432 neglegentior
2579 2347 2746 2413 haec
2776 2346 3021 2413 locutio

301 2453 673 2536 proscripta
722 2459 841 2517 est.
886 2451 1075 2517 Idem
1114 2473 1318 2536 genus
1356 2452 1620 2518 dicendi
1659 2454 2074 2536 cognoscitur
2109 2454 2178 2518 in
2217 2453 2608 2519 adverbiis
2646 2474 2766 2538 pro
2808 2454 3024 2518 adiec-

301 2559 452 2623 tivis
508 2557 971 2642 praedicativis
1024 2559 1285 2642 positis:
1379 2558 1585 2624 P248
1643 2560 1906 2626 Par-iter
1961 2566 2016 2626 te
2072 2583 2204 2626 esse
2255 2582 2405 2646 erya
2447 2562 2641 2625 illam
2685 2561 2883 2642 videO,
2951 2566 3028 2624 ut

298 2669 495 2731 ‘illum
544 2668 645 2731 ted
687 2689 837 2751 erqa
879 2668 1027 2750 seio,
1075 2665 1142 2731 A
1167 2669 1294 2733 120
1340 2669 1575 2732 hor-um
1619 2668 1909 2752 aequiter
1951 2667 2306 2732 sententiae
2349 2667 2550 2751 fuere.

516 2773 599 2837 In
664 2774 1000 2839 enuntiato
1066 2773 1461 2857 prohibitivo
1530 2775 1927 2838 comicorum
1982 2795 2161 2838 more
2217 2797 2306 2838 ne
2354 2795 2501 2838 cum
2554 2772 3020 2856 imperativo

303 2881 727 2946 coniunctum
765 2886 889 2945 est:
930 2879 997 2945 A
1019 2882 1104 2946 95
1141 2903 1223 2944 ne
1260 2881 1467 2964 retice,
1506 2881 1755 2946 usitata
1794 2887 2011 2945 autem
2047 2881 2350 2945 iunctura
2379 2901 2511 2944 non
2550 2879 2762 2944 deest:
2801 2876 2870 2944 A
2891 2879 3018 2943 279

296 3009 383 3052 ‘ne
428 2988 777 3052 attenderis
823 2993 890 3051 et
933 2986 991 3050 P
1011 2989 1141 3052 200
1186 2988 1384 3073 sepeli
1423 3039 1435 3053 .
1484 3039 1497 3053 .
1548 3009 1677 3051 neu.
1723 2988 1933 3051 sireis,
2795 3045 2802 3052 .

512 3092 1216 3176 InterrogationeS,
1282 3094 1353 3158 id
1410 3093 1589 3178 quod
1634 3092 1773 3158 sine
1823 3093 2022 3157 dubio
2082 3091 2606 3175 antiquissimum
2653 3097 2770 3171 est,
2835 3091 3021 3157 nulla

296 3199 627 3284 particula
672 3200 931 3265 adiecta
980 3200 1403 3266 declarantur
1441 3200 1631 3278 A18,
1680 3203 1786 3278 51,
1831 3201 1982 3278 366,
2030 3201 2178 3278 433,
2225 3202 2375 3278 519,
2425 3201 2574 3265 624.
2619 3198 2878 3264 Eodem
2915 3199 3022 3263 vix

266 3308 634 3391 „pertinent
676 3306 905 3386 P149,
948 3309 1095 3386 184,
1143 3306 1210 3372 Α
1233 3310 1381 3387 608,
1431 3307 1540 3372 ubi
1577 3329 1713 3372 non
1751 3329 1869 3390 pro
1907 3329 2125 3372 rumne
2161 3307 2447 3390 positum
2485 3312 2611 3386 est;
2657 3327 2816 3372 nam
2852 3306 3020 3372 bene

296 3413 635 3480 Skutsch!
683 3413 885 3478 obicit
925 3413 1092 3479 illud
1136 3437 1273 3478 non
1317 3435 1435 3498 per
1472 3435 1806 3498 syncopen
1845 3434 1924 3478 ex
1961 3435 2176 3478 nonne
2212 3413 2525 3497 prodisse,
2573 3435 2719 3478 cum
2767 3413 3018 3479 encliti-

299 3542 451 3586 cum
500 3543 617 3586 -ne
660 3521 995 3604 negationi
1050 3521 1178 3586 nisi
1224 3528 1537 3605 sequente
1586 3521 1798 3586 vocali
1846 3520 2133 3587 adfixum
2179 3542 2312 3585 non
2360 3521 2464 3586 sit.
2544 3519 2884 3586 Particula
2927 3542 3017 3584 an

294 3629 726 3712 interrogatio
772 3629 1107 3695 inducitur
1151 3628 1331 3707 P25,
1376 3629 1526 3707 As,
1578 3630 1683 3706 85,
1729 3631 1880 3707 488,
1929 3631 2080 3709 491,
2130 3630 2279 3695 665.
2321 3627 2700 3712 Indignatio
2745 3635 2826 3692 ut
2869 3648 3019 3692 cum

299 3737 713 3801 coniunctivo
760 3737 975 3820 posito
1023 3735 1455 3820 significatur:
1505 3735 1675 3800 A38
1725 3743 1804 3800 ut
1837 3757 2001 3820 quae
2039 3741 2179 3799 tum
2214 3735 2536 3800 absentem
2573 3735 2762 3800 rebus
2799 3735 3018 3798 dubias

293 3845 633 3928 eoniuyem
689 3845 989 3925 teti-nent,
1052 3865 1233 3908 neme
1279 3845 1519 3929 prodat
1570 3845 1890 3908 ultorem?
1947 3850 2015 3908 et
2070 3843 2194 3906 427
2254 3843 2474 3926 Eyone
2525 3892 2540 3908 .
2595 3892 2608 3907 .
2671 3847 2898 3906 temere
2941 3847 3021 3904 ut

294 3951 469 4015 hosti
512 3971 611 4013 me
656 3951 948 4014 animato
994 3951 1307 4033 offeram?
1399 3949 1515 4016 Ad
1562 3971 1926 4016 sermonem
1983 3949 2386 4014 cotidianum
2430 3947 2871 4013 revocandum
2917 3953 3032 4016 ests

292 4053 473 4121 A98
515 4055 709 4121 Satin
745 4063 824 4120 ut
862 4109 875 4122 .
915 4108 927 4122 .
965 4107 978 4122 .
1030 4078 1376 4140 nunquam
1420 4060 1559 4122 ‘cella
1605 4059 1946 4122 humilitas
1981 4056 2324 4140 inyem’um
2367 4055 2675 4138 infirmat
2706 4054 3014 4136 bouum&

298 4161 479 4247 quod
527 4161 847 4228 coaluisse
904 4162 1161 4229 videtur
1206 4185 1285 4228 ex
1338 4165 1517 4228 satin
1562 4170 1657 4228 est
1698 4183 2046 4245 nunquam
2096 4214 2108 4226 .
2167 4213 2181 4226 .
2231 4162 2622 4245 infirma-re?
2670 4166 2737 4225 et
2783 4181 2862 4224 ex
2908 4181 3014 4225 ex-

296 4266 691 4335 clamatione
733 4275 809 4334 ut
840 4293 1189 4356 nimquam
1229 4322 1243 4337 .
1290 4323 1302 4336 .
1344 4271 1666 4354 infirmat,
1713 4274 1787 4332 ut
1823 4288 2028 4352 prope
2069 4266 2242 4332 idem
2280 4265 2499 4331 valeat
2536 4288 2613 4331 ac
2649 4285 2885 4332 nonne.
2933 4304 3010 4314 —

290 4378 378 4442 In
434 4377 947 4461 interrogatione
997 4379 1387 4444 disiunctiva
1442 4377 1769 4441 invenitur
1813 4392 1896 4440 ne
1935 4428 1948 4441 .
1995 4425 2010 4442 .
2061 4397 2185 4440 an:
2229 4374 2294 4439 A
2321 4375 2446 4438 182
2496 4375 2880 4439 Fortzmane
2923 4395 3016 4437 an

293 4485 463 4568 forte
490 4492 815 4569 repertum·
853 4485 1063 4549 solum
1092 4507 1215 4548 an:
1243 4485 1371 4549 463
1394 4484 1501 4547 Ex
1530 4485 1866 4567 tamiyeno
1893 4483 2136 4547 semine
2155 4487 2366 4546 ortam
2391 4481 2598 4565 fha'sse
2616 4501 2708 4545 an
2727 4482 3016 4545 humano

516 4641 537 4677 ¹
562 4641 729 4695 Hanc
756 4641 1187 4711 Bambergensis
1216 4643 1547 4711 scripturam
1576 4647 1641 4694 ut
1667 4643 1967 4695 lectionem
1995 4639 2368 4695 difficiliorem
2397 4639 2634 4706 (adverti
2649 4641 2736 4694 vel
2756 4639 3016 4694 advortite

297 4732 495 4798 ceteri)
530 4729 875 4786 Ribbeckius
918 4731 1059 4786 bene
1097 4733 1325 4800 recepit.

516 4818 539 4853 ²
574 4819 1009 4876 ‘Plautiniscbes
1046 4820 1162 4874 und
1198 4819 1627 4875 Romanisches'
1666 4839 1718 4890 p.
1748 4821 1837 4875 54.
