3567 5109
1468 259 1953 321 -105—

339 467 669 546 adfirmat,
720 489 761 532 a
809 467 983 533 malo
1032 476 1252 533 autem
1300 468 1743 551 eloquentiam
1784 473 1976 552 quasi
2013 468 2408 547 abiudicat¹‚
2454 470 2572 534 sed
2620 469 3066 552 eloquentiam

337 595 473 639 non
520 575 844 653 virtutem,
893 575 1011 640 sed
1056 575 1448 642 facultatem
1494 597 1637 641 esse
1689 576 1870 655 dicit,
1921 598 2051 659 qua
2089 580 2364 660 quisque
2414 583 2530 641 aut
2575 581 2671 642 uti
2707 576 2917 661 possit
2952 583 3068 640 aut

340 681 527 746 abuti
542 683 587 745 2.

557 789 693 854 Sed
741 790 1052 872 quoniam
1100 811 1301 873 supra
1348 798 1417 856 et
1462 790 1850 858 Ciceronem
1899 800 1968 857 et
1993 789 2440 876 Augustinum
2486 793 2930 857 inventionem
2967 797 3067 856 at-

340 917 467 978 que
518 894 955 961 elocutionem
1002 901 1393 981 praecipuas
1448 900 1609 964 artis
1666 899 1933 964 dicendi
1982 907 2206 983 partes
2261 921 2403 964 esse
2455 899 2758 964 docuisse
2806 897 3066 963 intelle-

338 1007 573 1081 ximus,
616 1007 750 1067 iam
798 1025 967 1086 quae
1019 1004 1099 1069 de
1148 1003 1517 1070 elocutione
1567 1013 1926 1090 praecepta
1971 1007 2389 1085 tradiderint,
2438 1007 2796 1072 videamus,
2871 1004 3066 1088 Quod

340 1131 421 1174 eo
471 1109 849 1193 diligentius
894 1111 1361 1194 inquirendum
1408 1119 1527 1190 est,
1578 1117 1735 1194 quia
1780 1117 1849 1178 in
1898 1111 2269 1179 elocutione
2317 1112 2462 1178 sola
2507 1117 2637 1177 vim
2683 1111 2866 1178 illam
2905 1112 3065 1176 divi-

339 1239 497 1281 nam
542 1221 977 1301 virtutemque
1027 1219 1201 1283 cerni
1253 1225 1527 1302 uterque
1576 1221 1905 1285 consentit
1919 1220 1960 1284 3.

555 1325 933 1389 Redeamus
979 1329 1179 1408 igitur
1225 1326 1314 1390 ad
1359 1325 1601 1390 librum
1646 1325 1855 1406 illum,
1911 1329 1982 1391 in
2038 1348 2166 1410 quo
2214 1324 2630 1410 Augustinus
2678 1325 3065 1391 elocutionis

338 1437 700 1515 praecepta
746 1435 1061 1513 reposuit.
1112 1430 1241 1515 Qui
1290 1440 1391 1496 est
1435 1431 1605 1498 liber
1652 1441 1928 1517 quartus
1971 1435 2078 1498 De
2126 1434 2425 1500 doctrina
2478 1433 2875 1500 Christiana.
2940 1433 3066 1496 At-

340 1559 468 1620 que
535 1539 971 1603 admiratione
1042 1538 1312 1621 dignum
1376 1546 1495 1618 est,
1564 1561 1762 1622 quam
1819 1539 1952 1606 alte
2009 1541 2076 1604 in
2135 1562 2389 1606 summa
2438 1541 2818 1605 senectute*
2863 1540 3067 1604 menti

338 1645 701 1728 Augustini
746 1645 949 1710 infixa
1003 1646 1341 1711 haeserint
1387 1646 1725 1712 Ciceronis
1787 1649 2155 1713 rhetoricae
2203 1653 2362 1713 artis
2411 1655 2788 1731 praecepta,
2853 1647 2950 1711 ita
2995 1653 3069 1710 ut

340 1757 623 1818 oratoris
667 1751 845 1818 illius
892 1753 1110 1832 verba,
1158 1755 1343 1818 cuius
1385 1754 1590 1819 libros
1636 1777 1754 1838 per
1799 1763 1902 1820 tot
1948 1777 2156 1821 annos
2201 1756 2271 1819 in
2327 1754 2632 1820 manibus
2678 1776 2812 1820 non
2857 1754 3066 1818 habu-

340 1861 544 1938 erat-⁵,
593 1859 891 1943 plurimis
936 1860 1101 1925 locis
1148 1881 1183 1925 e
1232 1865 1549 1926 memoria
1596 1861 1684 1926 ad
1730 1862 1996 1927 verbum
2044 1862 2372 1928 redderet.

555 1982 692 2049 Sed
735 1985 914 2067 ipsos
960 1984 1145 2050 locos
1190 1985 1259 2049 in
1308 1985 1488 2049 brevi
1536 1993 1894 2070 conspectu
1940 2006 2412 2070 proponamus:

486 2162 567 2214 De
606 2161 784 2216 doctr.
823 2162 950 2215 Chr.
990 2161 1076 2215 IV
1115 2163 1167 2230 5,
1206 2164 1263 2216 7:
1310 2162 1457 2216 Haec
1494 2168 1679 2217 autem

336 2251 609 2304 sententia
634 2269 731 2304 nee
758 2251 883 2304 illos
909 2251 1071 2320 fay-it,
1109 2251 1210 2320 qui
1244 2257 1418 2304 artem
1445 2252 1675 2306 rhetori-

338 2355 463 2392 cam
499 2339 794 2393 (loc-endam
824 2346 1128 2409 putarunt:
1177 2340 1327 2407 fassi
1358 2347 1491 2394 sunt
1525 2333 1677 2394 enini

339 2429 759 2497 sapientiam
804 2429 954 2482 sin-e
999 2430 1385 2498 eloquentia
1431 2447 1677 2499 parum
1730 2432 1880 2484 sine
1917 2430 2304 2499 eloquentia
2345 2447 2584 2498 parum
2617 2429 2940 2497 prodesse
2976 2427 3063 2478 ei-

330 2519 649 2586 prodesse
720 2518 1153 2584 civitatibus,
1229 2519 1675 2588 eloquentiam
1730 2522 2076 2586 vitatibuS,
2115 2520 2568 2588 eloquentiam
2603 2537 2750 2570 vero
2786 2517 2942 2570 sine
2968 2534 3064 2569 sa-

336 2627 485 2662 vero
528 2610 683 2663 sine
726 2610 1077 2679 sapientia
1123 2610 1409 2663 nimium
1458 2611 1676 2664 obesse
1721 2611 2000 2680 pientia
2049 2609 2338 2663 nimium
2392 2609 2612 2661 obesse
2655 2608 3063 2676 plerumq-ue,

332 2701 737 2768 plerumque,
768 2700 1081 2768 prodesse
1117 2717 1471 2768 nunquam.
1722 2701 2041 2769 prodesse
2074 2715 2432 2767 nunqu-am..

483 2786 571 2840 IV
594 2788 677 2854 10,
697 2788 792 2841 24:
835 2788 985 2841 Unde
1013 2789 1115 2842 ait
1141 2789 1428 2858 quidam,
1459 2805 1586 2841 eum-
1612 2789 1675 2840 de
1876 2788 1968 2842 Or.
2010 2789 2076 2844 77
2115 2805 2221 2856 sq.:
2274 2787 2522 2841 Solutum
2559 2785 2820 2854 quidda-m
2859 2783 2932 2837 sil
2968 2801 3065 2836 mc·

340 2877 445 2930 tali
484 2895 673 2944 (sonere
718 2877 1012 2931 loeutionis
1058 2882 1249 2945 ageret,
1304 2895 1437 2930 esse
1492 2876 1559 2930 in
1612 2895 1672 2930 ea
1732 2895 1924 2946 capam
1965 2882 2162 2945 tamen,
2198 2881 2260 2929 ut
2295 2873 2516 2944 inqredi
2553 2873 2730 2940 libere,
2767 2889 2880 2925 ‘non
2909 2877 2968 2925 ut
2998 2873 3064 2925 li-

1877 2164 1960 2217 De
1999 2165 2109 2216 inv.
2149 2164 2177 2217 I
2219 2163 2275 2216 1:
2315 2162 2396 2216 Ae
2432 2179 2518 2215 me
2545 2161 2764 2230 quidem
2789 2161 2893 2214 diu
2920 2161 3065 2228 (30ρί-

1732 2258 1936 2306 tantem·
1971 2253 2116 2306 ratio
2154 2252 2282 2321 ipsa
2309 2253 2376 2304 in
2401 2252 2542 2304 hane
2563 2250 2918 2320 potissimum
2948 2265 3065 2301 sen-

1733 2342 1958 2396 tentiam
1998 2343 2166 2407 clurit,
2203 2347 2264 2394 ul
2300 2341 2606 2394 existimem
2645 2339 2800 2408 sapi
2814 2339 3000 2392 entia
3009 2355 3066 2390 m-

341 2965 672 3033 quandam
730 2965 1121 3034 dil-iyentem
1169 2966 1673 3034 rzeyleyentiam.
1729 2972 1906 3020 center
1959 2966 2209 3018 videatur
2254 2981 2440 3017 errare
2489 3005 2500 3016 .
2551 3004 2563 3015 .
2614 3004 2624 3015 .
2676 3004 2687 3015 .
2743 2961 3060 3030 quaedam

1728 3056 1896 3109 etiam
1934 3053 2354 3122 neqleyentia
2389 3057 2483 3105 est
2519 3051 2840 3118 (liliqerz-S.

484 3141 571 3198 IV
600 3143 682 3208 12,
709 3143 804 3196 27:
844 3143 1040 3196 Dia-it
1077 3161 1223 3210 erqo
1259 3143 1533 3211 quidam
1568 3145 1672 3197 elo-
1875 3144 1968 3198 Or.
1998 3145 2093 3198 69:
2152 3143 2281 3196 Erit
2317 3143 2496 3210 ’ἰθεῖαν
2529 3141 2777 3208 eloquens
2808 3183 2820 3194 .
2849 3182 2861 3194 .
2895 3183 2905 3193 .
2939 3183 2950 3194 .
2989 3141 3064 3207 is,

339 3249 509 3300 quens·
563 3238 611 3284 e!
668 3249 848 3284 verum
904 3232 1047 3284 dixit
1058 3273 1072 3298 ‚
1130 3233 1213 3286 ita
1265 3233 1443 3286 dicere
1494 3233 1675 3286 debere
1728 3235 1830 3302 qai
1871 3235 1938 3288 in
1982 3233 2100 3300 foro
2145 3231 2436 3299 causisque
2479 3229 2737 3284 civilibus
2782 3229 2865 3284 ita
2908 3229 3064 3298 dicet,

338 3323 689 3390 eloquentem,
750 3326 815 3374 ut
868 3322 1078 3389 doceat,
1131 3327 1201 3375 ut
1253 3323 1549 3388 delectet,
1608 3329 1673 3376 ut
1726 3329 1798 3378 ut
1831 3324 2030 3392 probet,
2071 3327 2138 3376 ut
2173 3322 2462 3387 delectet,
2499 3325 2569 3373 ut
2603 3319 2850 3387 flectat.
2925 3319 3061 3372 Pro-

339 3411 587 3478 fleetat.
654 3410 862 3464 Dei-nde
898 3410 1133 3478 addid-it,
1170 3411 1353 3464 docere
1388 3412 1671 3464 necessi·
1728 3413 1856 3466 bare
1903 3409 2338 3466 necessitatis
2387 3414 2498 3475 est,
2545 3409 2870 3462 delectare·
2915 3425 3062 3460 sua-

342 3499 506 3553 tatis
552 3505 663 3567 est,
709 3500 1036 3552 cleleetare
1081 3500 1470 3568 suavitatis,
1517 3500 1671 3567 flee-
1698 3496 1703 3535 Ρ
1730 3501 1989 3568 vitatis,
2025 3501 2297 3568 flectere
2335 3498 2680 3552 victoriae.

340 3595 470 3640 lere
509 3588 847 3642 victoriae.

482 3677 571 3732 IV
603 3678 687 3745 17,
719 3679 812 3730 34:
852 3678 941 3730 Ad
977 3679 1105 3730 haee
1134 3717 1147 3729 .
1180 3717 1192 3730 .
1221 3677 1351 3746 tria,
1388 3678 1456 3730 id
1483 3686 1577 3747 est,
1613 3685 1673 3732 ut

339 3767 538 3835 doceat,
578 3773 636 3820 eet
662 3768 887 3834 deiceret,
916 3771 978 3820 ut
1004 3767 1198 3834 flectat,
1233 3767 1402 3820 etiam
1429 3767 1545 3820 tria
1570 3768 1673 3820 illa
1698 3758 1702 3866 j

339 3856 551 3908 videtur
603 3856 881 3924 pertinere
946 3855 1235 3908 coluisse
1300 3856 1470 3908 idem
1529 3857 1673 3925 ipse
1874 3855 1967 3910 Or.
2003 3856 2130 3910 100:
2187 3855 2242 3908 Is
2279 3860 2356 3907 est
2393 3855 2540 3908 enim
2577 3854 2902 3919 eloquens,
2942 3851 3058 3918 qui

340 3944 631 3997 Romani
666 3949 901 3996 ‹metm-
938 3943 1209 4011 eloquii,
1256 3961 1394 3996 cum
1438 3943 1773 4010 ite'demssl
1830 3945 2068 3998 humilia
2125 3944 2478 3998 subtil-iter
2531 3948 2586 3996 et
2643 3958 2880 4009 magma
2930 3957 3060 4008 qra-

338 4073 398 4082 -—-
449 4074 546 4079 -.—

556 4138 575 4173 ¹
615 4139 752 4193 lust.
793 4157 869 4192 or.
902 4138 1019 4192 XII
1064 4140 1087 4192 1
1148 4138 1235 4192 23.

556 4226 577 4262 ²
616 4227 695 4280 De
734 4227 915 4281 doctr.
955 4178 1186 4280 Chn’II
1224 4227 1309 4294 36,
1349 4228 1443 4280 54:
1496 4229 1637 4281 Sunt
1674 4227 1841 4281 etiam
1881 4228 2148 4295 quaedam·
2177 4232 2468 4296 praecepta
2503 4224 2776 4278 uberioris
2811 4224 3060 4293 (lisputa-

338 4317 525 4384 te'one‘s,
556 4335 691 4385 quae
718 4317 841 4370 iam
865 4316 1171 4384 eloquentia
1192 4316 1537 4386 nominatur,
1572 4333 1707 4384 φατε
1734 4335 1771 4370 n
1780 4317 2108 4370 ihilominus
2138 4333 2260 4368 rera
2286 4321 2432 4382 stent,
2462 4313 2715 4382 quante-is
2741 4313 2822 4367 eis
2843 4313 3062 4382 possint

339 4407 507 4459 etiam
541 4405 688 4473 falsa
719 4405 1067 4474 persuaderi.

557 4495 579 4528 ³
616 4495 731 4548 Cic.
774 4495 855 4547 De
895 4512 973 4546 or.
1006 4493 1069 4548 11
1109 4495 1237 4558 120;
1294 4493 1388 4548 Or.
1418 4495 1515 4558 61;
1564 4495 1711 4564 Aug.
1752 4495 1835 4548 De
1875 4494 2055 4546 doc-tr.
2095 4493 2222 4548 Chr.
2254 4492 2316 4547 ΙΙ
2354 4493 2600 4560 36—37,
2639 4497 2840 4544 <eontra
2877 4491 3058 4545 Cresc.

341 4583 369 4634 l
411 4585 493 4648 13,
534 4585 619 4650 16,
658 4585 739 4636 De
779 4583 897 4637 ord.
928 4582 989 4637 II
1028 4583 1113 4648 13,
1151 4583 1235 4638 38.

555 4673 577 4705 ⁴
613 4675 781 4725 Anno
819 4673 935 4724 fere
973 4671 1095 4725 426.

556 4762 579 4794 ⁵
614 4761 698 4815 Cf.
740 4763 977 4831 August.
1016 4759 1197 4830 Epist.
1229 4762 1349 4828 118,
1388 4763 1436 4830 2,
1476 4763 1527 4814 9.
