3567 5109
1757 234 2245 296 -124—

635 443 999 510 mendatur.
1045 445 1130 511 In
1178 444 1234 510 A
1264 448 1392 512 498
1443 443 1847 510 Ribbeckius
1894 445 2159 528 quidem
2204 441 2406 509 verba
2449 442 2697 508 tradita
2740 443 2915 508 inter
2954 441 3130 507 duos
3174 439 3407 506 collo·

637 558 911 636 quentes
958 550 1295 617 distribuit
1340 559 1407 617 et
1451 551 1708 618 duobus
1755 550 2229 618 additamentis
2274 551 2459 616 auxit
2501 547 2796 615 scribens

2095 760 2111 776 .
2162 759 2176 774 .
2229 759 2244 774 .
2284 716 2545 796 praesto
2590 711 2789 774 etiam
2831 709 3093 774 adsum.
3144 745 3249 754 —

783 817 1113 904 Eat-prome
1159 819 1320 904 quid
1360 820 1530 903 fers:
1577 839 1736 882 nam
1786 825 1841 883 te
1890 819 2075 904 lonyo
2120 819 2261 902 (ab)
2308 819 2460 882 itere
2504 838 2714 906 cerno·
2740 817 2929 900 (hue)
2971 817 3240 880 vadere.

629 975 760 1042 His
825 977 1234 1062 aliorumque
1300 977 1691 1042 coniecturis
1745 977 2050 1046 Vahlen¹
2108 977 2455 1062 diligenter
2516 975 2816 1040 refutatis
2872 981 3393 1058 pentametrum

629 1083 1035 1150 trochaicum
1081 1086 1313 1150 statuit
1347 1091 1415 1149 et
1449 1085 1662 1150 hianti
1700 1085 1985 1150 orationi
2020 1086 2148 1150 leue
2183 1083 2509 1168 particula
2546 1089 2695 1166 post
2732 1082 3133 1148 adiectivum
3183 1083 3391 1165 longo

629 1190 861 1256 addita
908 1191 1154 1256 mederi
1201 1191 1455 1256 studuit
1498 1192 1624 1256 ita:

629 1351 895 1418 Praesto
907 1353 1104 1417 etiam
1119 1353 1378 1416 adsum:
1397 1373 1695 1436 exprome
1710 1352 1873 1437 quid
1885 1353 2046 1436 fers:
2070 1373 2231 1416 nam
2251 1357 2305 1416 te
2327 1352 2510 1436 lonyo
2529 1351 2716 1434 (leue)
2732 1351 2890 1415 ite-re
2908 1370 3099 1415 cerno
3114 1350 3385 1414 vadere.

629 1527 767 1594 Sed
811 1536 1019 1610 erunt,
1071 1531 1185 1613 qui
1231 1528 1314 1594 de
1360 1551 1486 1595 usu
1529 1530 1662 1595 rari
1709 1529 1903 1596 huius
1950 1529 2207 1612 generis
2253 1533 2830 1612 pentametrorum,
2880 1547 3045 1610 quos
3094 1525 3379 1595 Vahlen

627 1637 894 1719 saepius
932 1636 1389 1702 commendare
1427 1637 1736 1716 studuit²,
1775 1638 1847 1702 in
1885 1636 2178 1702 versibus
2214 1657 2353 1700 non
2382 1635 2731 1701 concitatis
2766 1633 2986 1700 adhuc
3022 1632 3373 1712 dubitent3

630 1763 853 1825 quare,
899 1749 977 1808 ut
1009 1744 1258 1808 usitata
1304 1744 1626 1808 octonarii
1667 1743 1990 1808 trochaici
2028 1743 2241 1808 forma
2278 1747 2588 1822 servetur,
2635 1761 2861 1807 versus
2900 1742 2995 1806 ita
3040 1740 3375 1806 dissecari

630 1870 823 1933 posse
869 1856 1060 1933 puto:

749 2025 806 2074 ..’.
832 2061 885 2079 ...
911 2067 966 2076 .-
1016 2008 1024 2015 ’
1090 2011 1356 2078 Praesto
1399 2012 1598 2076 etiam
1650 2013 1918 2092 adsum,·
1967 2015 2266 2098 expro'me
2312 2011 2474 2095 quid
2513 2009 2683 2094 fers;
2732 2012 2893 2073 πάγη
2941 2014 2997 2073 te
3042 2009 3240 2092 lonyo

752 2118 918 2182 Itere
963 2139 1154 2184 cerno
1199 2120 1444 2185 vadere.

618 2275 923 2360 'Quorum
995 2277 1065 2342 in
1137 2277 1352 2360 priore
1417 2277 1475 2342 si
1539 2276 1683 2361 quis
1755 2277 2067 2342 usitatam
2131 2276 2457 2341 diaeresin
2522 2281 2675 2361 post
2738 2280 3045 2359 quartum
3117 2275 3365 2359 pedem

627 2383 1048 2463 desiderabit,
1111 2383 1474 2450 monendus
1539 2391 1640 2448 est
1693 2383 1761 2448 in
1820 2383 2339 2466 collaqueatione
2396 2403 2734 2448 caesuram
2787 2381 2995 2446 latere
3050 2387 3120 2446 et
3182 2381 3361 2446 hanc

618 2490 962 2556 metricam
1006 2512 1230 2556 versus
1278 2491 1729 2556 condicionem
1777 2490 2053 2556 eandem
2097 2511 2239 2555 esse
2286 2495 2485 2572 atque
2529 2488 2759 2567 P130,
2806 2489 2960 2567 303,
3008 2489 3163 2566 329,
3198 2490 3357 2567 358,

627 2598 787 2678 4083
836 2595 1076 2678 A105‚
1125 2601 1276 2679 450,
1325 2600 1478 2676 460,
1529 2599 1676 2664 596.
1740 2596 2096 2662 Praeterea
2140 2595 2529 2662 attributum
2576 2595 2661 2660 ab
2710 2594 3125 2660 substantivo
3172 2595 3355 2678 apud

622 2703 942 2770 Accium³
985 2725 1120 2771 non
1167 2705 1366 2771 semel
1415 2703 1648 2770 eadem
1691 2705 1951 2769 ratione
1998 2705 2292 2787 separari
2338 2703 2546 2787 (velut
2588 2704 2660 2768 in
2706 2723 2764 2766 v.
2803 2703 2886 2768 67
2928 2721 3025 2785 sq.
3074 2723 3295 2768 meam
3338 2702 3351 2786 Ι

616 2812 1188 2896 ρναηάαευίέαΐωη,
1237 2814 1368 2878 240
1397 2833 1495 2896 sq.
1534 2813 1771 2896 optime
1812 2812 1821 2896 Ι
1854 2818 2063 2896 pater,
2113 2813 2240 2878 275
2272 2831 2365 2892 sq.
2406 2811 2681 2875 luminis
2721 2815 2729 2895 Ι
2770 2809 3247 2895 εοηεῃηὶὼηᾱί)
3282 2811 3353 2874 in

619 2925 1002 2984 transcursu
1050 2918 1707 2985 commemoraverim.
1747 2957 1834 2968 —-
1879 2920 1964 2984 In
2000 2918 2207 2984 P369
2248 2917 2513 3002 quidem
2541 2918 2866 2982 besa-nam
2898 2922 3121 2982 autem
3156 2918 3355 2982 aiunt

621 3026 941 3091 excidisse
996 3025 1264 3091 verbum
1319 3048 1448 3092 esse
1504 3024 1846 3110 probabile
1902 3032 2020 3104 est,
2088 3026 2331 3108 quippe
2392 3023 2571 3109 quod
2614 3031 2683 3088 et
2726 3043 2786 3087 v.
2826 3024 2958 3089 366
3004 3028 3073 3087 et
3115 3044 3177 3087 v.
3218 3025 3347 3090 370

622 3133 956 3198 simillimo
998 3132 1191 3198 modo
1231 3135 1516 3217 positum
1547 3134 1651 3197 sit.
1697 3131 1837 3199 Sed
1871 3133 1937 3197 A
1958 3135 2088 3198 452
2128 3132 2449 3216 Meleayro
2484 3131 2603 3196 ubi
2635 3130 2855 3195 hiatus
2890 3131 3161 3195 nomine
3198 3151 3349 3214 pro-

623 3239 808 3323 prio⁴
856 3247 1223 3305 excusatur.
1297 3239 1583 3304 Restant
1627 3239 1895 3318 P3035,
1944 3241 2093 3318 348,
2144 3241 2295 3319 378,
2342 3236 2537 3318 Α80,
2590 3239 2737 3317 127,
2787 3239 2938 3316 413,
2986 3239 3141 3304 496.
3216 3235 3347 3321 Qui

622 3367 850 3411 omnes
914 3346 1198 3430 quidem,
1263 3351 1340 3410 ut
1383 3344 1683 3411 Ribbeck
1746 3367 1895 3410 cum
1950 3345 2097 3411 aliis
2150 3345 2306 3410 viris
2362 3345 2571 3410 doctis
2626 3342 2802 3422 fecit,
2864 3343 3059 3408 facile
3108 3345 3345 3428 corrigi

620 3458 922 3536 possunt,
971 3459 1042 3518 at
1085 3473 1297 3536 neque
1337 3454 1665 3518 sententia
1701 3474 1915 3538 neque
1956 3459 2283 3518 structura
2314 3451 2668 3537 quicquam
2696 3450 2997 3516 conicere
3025 3451 3340 3534 cogimur.

836 3663 857 3698 ¹
891 3663 959 3718 In
994 3663 1110 3718 ind.
1146 3663 1454 3718 lectionum
1491 3666 1643 3718 univ.
1679 3665 1867 3720 Berol.
1902 3665 2017 3719 hib.
2058 3665 2273 3736 190213,
2309 3683 2364 3733 p.
2394 3665 2459 3719 11
2502 3683 2611 3734 ssq.

835 3751 858 3787 ²
894 3751 981 3807 Cf.
1019 3737 1199 3808 ‘fiber
1227 3753 1447 3824 Fragen
1476 3753 1574 3807 der
1599 3752 1971 3808 Verstechnik
2000 3755 2097 3808 des
2127 3753 2445 3808 Terentius’
2474 3755 2559 3821 (in
2585 3753 2747 3808 relat.
2776 3751 2935 3807 acad.
2962 3751 3155 3806 Berol.
3184 3753 3335 3822 1901,

617 3839 782 3894 class.
817 3841 1112 3909 phil.-hist.
1149 3861 1203 3912 p.
1229 3843 1335 3898 348
1373 3847 1480 3912 sq.)
1517 3848 1576 3897 et
1613 3842 1857 3898 indicem
1895 3845 2026 3897 lect.
2062 3844 2213 3897 univ.
2252 3843 2438 3898 Berol.
2476 3843 2592 3898 hib.
2623 3843 2931 3928 190314212.
2958 3842 3011 3897 9.

835 3928 857 3964 ³
893 3929 966 3983 V.
1003 3931 1261 3999 exempla
1305 3931 1640 3985 Terentiana
1695 3931 1845 4000 apud
1892 3931 2213 3985 Vahlenum
2270 3933 2329 3985 in
2386 3932 2762 4001 disputatione
2810 3917 2990 3986 ‘Uber
3036 3930 3127 3985 die
3172 3929 3335 3985 Vers-

617 4018 867 4074 schliisse
903 4019 964 4072 in
999 4017 1110 4072 den
1145 4017 1464 4072 Komiidien
1501 4019 1598 4072 des
1638 4019 1957 4074 Terentius’
1995 4022 2151 4088 (Act.
2190 4021 2347 4075 acad.
2386 4021 2573 4076 Berol.
2603 4021 2785 4090 1900).

833 4108 855 4142 ⁴
893 4107 979 4161 Of.
1017 4107 1207 4176 Klotz,
1245 4107 1604 4180 ‘Grundziige
1643 4111 1867 4164 altrom.
1906 4111 2127 4165 Metrik’
2165 4128 2221 4180 p.
2258 4111 2346 4180 33,
2388 4111 2487 4166 107
2527 4129 2607 4180 sq.

833 4198 855 4232 ³
893 4197 980 4250 Of.
1017 4197 1240 4252 Vahlen
1285 4199 1343 4252 in
1388 4197 1501 4252 ind.
1541 4200 1690 4252 univ.
1729 4200 1915 4256 Berol.
1952 4200 2067 4255 hib.
2108 4201 2323 4271 190314,
2370 4219 2423 4270 p.
2463 4202 2496 4254 5
2544 4200 2693 4267 adn„
2738 4200 2849 4268 cui,
2894 4203 3197 4267 utcumque
3240 4198 3329 4252 hic

617 4302 802 4354 voces,
829 4289 893 4338 ut
921 4285 1110 4339 hiatus
1137 4287 1428 4354 evellatur,
1458 4289 1885 4357 transposueris,
1916 4295 2165 4344 tenorem
2194 4289 2493 4344 verborum
2522 4289 2859 4344 deteriorem
2886 4287 3006 4342 fieri
3034 4287 3327 4341 adsentior.

618 4375 830 4429 Contra
865 4376 1063 4429 critico
1103 4393 1357 4430 numeros
1395 4378 1708 4430 restituenti
1746 4395 1991 4446 unquam
2029 4377 2247 4432 hiatum
2284 4378 2640 4432 introducere
2678 4379 2845 4431 licere
2880 4394 3027 4448 nego
3062 4393 3234 4446 eaque
3259 4377 3325 4431 de

617 4479 787 4518 causa
833 4466 892 4518 in
938 4465 995 4518 A
1015 4465 1082 4519 73
1127 4482 1242 4518 non
1287 4481 1414 4519 cum
1459 4481 1526 4519 eo
1576 4467 1658 4532 (in
1693 4467 1809 4520 ind.
1850 4485 1897 4520 a.
1938 4466 2154 4538 190213,
2192 4485 2244 4536 p.
2280 4467 2345 4520 13
2376 4470 2480 4537 sq.)
2524 4472 2941 4537 pentametrum
2984 4466 3325 4520 trochaicum

617 4569 880 4622 agnosco,
920 4553 1020 4608 sed
1055 4554 1116 4606 in
1153 4555 1459 4622 octonari0,
1498 4571 1663 4623 quem
1703 4555 2010 4610 Buecheler
2046 4555 2358 4625 dimetitur,
2396 4559 2705 4626 acquiescO.
2772 4557 3033 4610 Ceterum
3070 4571 3210 4624 quae
3242 4559 3323 4608 vir

619 4640 713 4694 ille
752 4640 952 4694 doctus
989 4643 1046 4694 in
1083 4658 1176 4694 eos
1213 4639 1374 4709 dixit,
1415 4643 1508 4709 qui
1546 4659 1745 4710 parum
1786 4647 1964 4710 caute,
2010 4661 2153 4712 quae
2197 4644 2411 4697 tradita
2452 4649 2600 4713 sunt,
2648 4650 2857 4714 augent
2893 4645 2983 4698 vel
3020 4647 3319 4712 amputant,

619 4732 684 4782 ut
719 4733 964 4782 metrum
999 4729 1184 4782 nescio
1223 4727 1373 4796 quod
1410 4733 1827 4796 nanciscantur,
1872 4731 2035 4785 valde
2082 4733 2259 4801 probo
2308 4737 2475 4801 atque
2520 4733 2677 4802 locis,
2717 4749 2853 4802 quos
2889 4734 3001 4802 ipse
3040 4731 3111 4785 ab
3148 4745 3318 4785 emen·
