3567 5109
1744 295 2232 356 —122—

624 501 857 565 simum
902 509 1123 568 autem
1160 503 1433 583 videtur,
1482 505 1663 590 quod
1702 503 2072 570 Buecheler
2107 505 2602 586 commendavit,
2645 507 2962 572 traditum
2999 505 3340 571 verborum

622 630 771 673 cum
816 611 921 674 hic
964 610 1261 676 ordinem
1305 611 1532 676 leviter
1570 619 1824 677 mutare
1871 612 1940 678 in
1987 615 2092 678 hie
2135 636 2306 678 eum.
2397 612 2649 678 Contra
2703 614 2771 678 in
2815 613 3114 678 eiusdem
3161 633 3340 676 versu

624 713 743 798 (fg.
784 718 825 780 8
858 715 1141 802 Baehr.),
1189 719 1304 802 qui
1340 719 1523 802 apud
1560 717 1855 785 Gellium
1883 719 1986 788 VI
2005 723 2070 798 9,
2123 721 2205 784 16
2243 725 2539 785 servatus
2577 725 2677 784 est
2715 742 2878 784 num
2913 742 3062 804 ειν-90
3097 720 3338 804 aquila.

620 821 717 886 ita
762 828 840 886 ut
880 823 1015 888 hice
1052 825 1455 908 praedicant,
1500 827 1842 892 smciderat
1874 833 2122 912 pectem,
2166 825 2244 890 L.
2276 825 2559 890 Mueller
2601 825 2882 892 fortasse
2929 833 3108 890 recte
3157 825 3340 888 metri

620 948 823 992 causa
866 951 986 1012 pro
1034 930 1333 996 codicum
1378 931 1659 998 lectione
1706 935 1781 997 lei
1823 933 2106 998 formam
2149 935 2287 999 hice
2331 935 2573 1016 posuit.
2631 932 3044 998 Studemund
3079 953 3336 1016 quoque

622 1033 689 1116 (1.
733 1034 777 1098 l.
826 1057 889 1119 p.
927 1039 1041 1122 58)
1087 1037 1155 1101 in
1204 1037 1481 1122 dactylis
1526 1047 1594 1104 et
1638 1040 1930 1105 Sotadeis
1977 1047 2248 1124 propter
2281 1040 2576 1124 inopiam
2612 1039 2902 1105 brevium
2939 1039 3338 1123 syllabarum

622 1139 937 1207 laxiorem
974 1145 1297 1210 rationem
1326 1145 1689 1211 adhibitam
1718 1169 1860 1211 esse
1899 1153 2084 1212 ratus
2121 1147 2192 1212 id
2228 1147 2616 1230 comprobat
2642 1146 2786 1212 1000
2813 1147 3134 1212 Enniano
3165 1145 3336 1210 Ann.

618 1249 748 1314 234
770 1247 937 1332 (Ψ)
954 1251 1139 1316 haece
1158 1254 1456 1318 loc-utus&
1498 1253 1723 1337 Quare
1752 1255 1821 1318 in
1851 1253 1976 1318 hac
1997 1275 2260 1337 quoque
2287 1275 2358 1318 re
2387 1261 2622 1338 poetae
2641 1253 2940 1319 consulto
2967 1255 3150 1318 inter
3167 1273 3336 1317 scae-

618 1355 837 1420 nicam
864 1363 932 1420 et
958 1356 1279 1441 reliquam
1300 1360 1529 1441 poesin
1560 1359 1910 1425 discrimen
1941 1360 2244 1425 videntur
2269 1361 2526 1426 fecisse.
2573 1360 2788 1426 Multo
2818 1361 2968 1444 plus
2995 1381 3156 1426 vero
3187 1358 3336 1423 defi-

618 1462 897 1527 cientem
934 1463 1227 1530 brevium
1266 1465 1668 1550 syllabarum
1712 1489 2056 1532 numerum
2103 1467 2192 1532 ad
2233 1489 2268 1532 8
2310 1468 2598 1534 litteram
2643 1469 2712 1532 in
2755 1468 2884 1532 fine
2921 1489 3160 1532 vocum
3205 1464 3332 1530 abi-

618 1568 917 1634 ciendam
966 1571 1319 1637 contulisse
1367 1571 1665 1638 arbitror.
1716 1573 1921 1640 Cuius
1967 1575 2064 1638 rei
2112 1581 2460 1657 pernotum
2503 1575 2952 1640 testimonium
2997 1573 3335 1639 Ciceronis

616 1675 686 1740 in
734 1675 847 1742 Or.
885 1677 926 1762 §
961 1681 1087 1743 153
1118 1680 1223 1743 vix
1266 1678 1529 1744 adferre
1568 1701 1735 1763 opus
1772 1687 1892 1760 est,
1941 1681 2116 1746 unde
2155 1683 2607 1765 cognoscimus
2641 1703 2676 1746 3
2709 1681 2892 1746 finali
2929 1689 3070 1746 tam
3105 1678 3332 1745 exilem

616 1802 847 1847 sonum
894 1782 1118 1864 fuisse,
1166 1793 1240 1850 ut
1282 1785 1451 1851 haec
1496 1786 1755 1870 syllaba
1801 1787 2133 1853 interdum
2179 1809 2262 1853 ne
2299 1789 2612 1854 adiuncta
2650 1788 2913 1870 quidem
2959 1793 3146 1851 muta
3195 1805 3334 1849 cum

618 1886 869 1973 liquida
914 1890 1369 1974 subsequentis
1416 1894 1717 1959 vocabuli
1772 1895 2255 1975 extenderetur,
2313 1895 2397 1960 cf.
2442 1894 2659 1962 A533
2731 1896 2910 1961 Unde
2954 1902 3131 1978 iynls
3175 1896 3333 1957 cluet

614 1999 1006 2062 mortalibus
1031 2001 1216 2064 clam.
1266 2001 1597 2083 Imprimis
1627 2008 1860 2084 poetae
1889 2003 2014 2067 hac
2043 2001 2310 2068 licentia
2339 2002 2713 2082 utebantur,
2743 2000 2854 2065 ubi
2881 2002 3166 2066 maxime
3195 2000 3328 2063 bre-

616 2123 725 2166 ves
782 2103 1343 2186 desiderabantur,
1408 2108 1479 2172 in
1542 2108 1713 2173 thesi
1774 2108 2046 2174 ultimae
2101 2109 2276 2174 sedis
2329 2109 2571 2173 senarii
2623 2109 2709 2191 (P
2732 2110 2858 2174 168
2913 2115 3112 2192 aptus
3163 2127 3328 2181 amn,

614 2209 831 2276 A308
888 2219 1187 2277 armatus
1238 2216 1415 2298 sum)
1473 2221 1539 2279 et
1592 2217 1661 2280 in
1716 2216 2098 2297 anapaestis
2162 2215 2416 2298 (P260,
2467 2217 2626 2296 2673
2692 2214 2930 2292 A180,
2983 2215 3134 2292 181,
3183 2213 3326 2287 290,

614 2319 767 2396 433,
817 2319 967 2399 522,
1016 2322 1167 2398 523,
1216 2321 1367 2400 530,
1416 2325 1567 2400 533,
1616 2323 1794 2406 562).

825 2425 971 2488 Iam
1036 2425 1226 2491 nobis
1300 2427 1387 2492 ad
1450 2430 1858 2512 swzizesin
1921 2429 2336 2494 tractandam
2412 2428 2980 2512 progredientibus
3053 2447 3324 2492 comme-

614 2531 1003 2596 morandum
1070 2541 1169 2598 est
1213 2534 1505 2599 Pacuvio
1564 2536 1705 2619 (47)
1768 2558 1974 2601 coerce
2038 2534 2430 2618 bisyllabum
2495 2555 2634 2600 esse
2693 2541 2758 2599 et
2803 2535 3084 2599 Accium
3139 2551 3326 2616 pares

612 2637 869 2703 vocales
917 2647 1379 2706 concurrentes
1438 2641 1826 2706 contrahere
1881 2642 2252 2706 adamasse:
2339 2644 2465 2708 190
2511 2643 2825 2719 obli-scier,
2887 2642 3015 2706 488
3063 2642 3328 2704 oblisew·

612 2744 819 2826 (quod
850 2752 1054 2810 metro
1086 2746 1467 2831 flagitatur),
1498 2751 1627 2813 445
1656 2753 1956 2812 cone-stat.
2003 2748 2238 2831 Neque
2268 2769 2418 2813 vero
2457 2769 2577 2832 pro
2617 2754 2792 2814 certo
2831 2754 3124 2811 statuere
3161 2745 3324 2821 licet,

610 2857 829 2916 utrum
874 2852 933 2918 P
956 2855 1078 2918 181
1120 2856 1357 2939 paucis
1401 2855 1690 2936 absolvit,
1738 2877 1818 2920 ne
1865 2861 2148 2920 mor-aret
2181 2857 2436 2920 diutius
2473 2877 2590 2937 per
2625 2854 2946 2939 synizesin
2983 2852 3324 2935 legendum

610 2956 697 3022 sit
738 2960 993 3024 diutius
1038 2981 1125 3024 an
1168 2963 1441 3026 cll-estius.
1510 2961 1589 3026 L.
1638 2961 1922 3026 Mueller
1970 2961 2234 3045 quidem
2281 2962 2412 3046 (De
2459 2983 2529 3026 re
2578 2962 2796 3026 metr.²
2842 2982 2906 3043 p.
2946 2961 3108 3042 431)
3157 2954 3322 3041 apud

609 3063 986 3129 Phaedrum
1031 3066 1201 3132 hanc
1249 3089 1473 3133 vocem
1520 3068 2174 3151 proceleusmaticum
2221 3067 2482 3150 explere
2531 3067 2835 3147 ostendit,
2891 3066 3009 3131 sed
3052 3065 3320 3131 adverso

610 3169 827 3234 fronte
876 3179 1010 3236 stat
1046 3171 1371 3240 Rudentis
1420 3196 1476 3238 V.
1518 3178 1601 3241 93
1648 3198 1719 3242 eo
1754 3198 1884 3253 2:03,
1929 3177 2148 3253 amici,
2194 3177 2452 3240 detinui
2493 3176 2780 3253 diutius,-
2831 3175 3063 3240 ceteris
3111 3179 3322 3238 autem

610 3275 771 3340 locis
817 3277 1167 3359 Plautinis,
1218 3301 1381 3363 quos
1430 3281 1747 3347 Dziatzko
1797 3282 1998 3366 (Mus.
2049 3281 2260 3347 Rhen.
2299 3281 2642 3348 XXXIII
2681 3285 2794 3366 96)
2831 3280 3118 3364 collegit,
3165 3276 3320 3344 nihil

606 3383 1004 3466 proficimus,
1051 3407 1204 3451 nam
1250 3396 1459 3452 metro
1504 3397 1791 3472 utraque
1837 3409 2145 3454 mensura
2200 3389 2576 3473 respondet.
2671 3387 2974 3454 Solmsen
3022 3386 3316 3468 denique,

608 3490 720 3572 qui
778 3491 1080 3556 omnibus
1134 3496 1601 3577 grammaticae
1660 3495 2146 3578 comparativae
2212 3496 2519 3560 subsidiis
2581 3497 2939 3561 instructus
2997 3492 3315 3578 quaestio-

606 3616 755 3660 nem
820 3618 1166 3680 aggressus
1223 3607 1349 3680 est,
1412 3601 1501 3666 ad
1554 3623 1703 3667 eum
1766 3603 1964 3667 finem
2029 3625 2165 3668 rem
2221 3602 2604 3686 perduxisse
2659 3602 2783 3666 sibi
2837 3602 3014 3665 visus
3068 3605 3196 3680 est,
3249 3602 3317 3660 ut

605 3703 860 3768 dumus
914 3706 1271 3788 antiquior,
1328 3709 1581 3772 de’c’ete'us
1637 3710 1959 3774 recentior
2015 3709 2230 3774 forma
2285 3708 2595 3792 analogia
2651 3707 2942 3773 adverbii
2995 3708 3114 3772 diu
3167 3709 3316 3770 nata

604 3807 913 3876 habenda
958 3818 1147 3876 esset.

816 3917 1073 3998 Restat,
1120 3925 1196 3983 ut
1233 3920 1315 3984 de
1352 3921 1619 3986 hiatus
1663 3944 1787 3987 usu
1826 3923 2252 4007 inquiramus.
2307 3923 2520 4008 Quem
2566 3921 2890 3988 vocalium
2936 3938 3310 3986 concursum

602 4023 728 4088 nisi
777 4025 970 4089 certis
1018 4025 1411 4110 quibusdam
1450 4028 1944 4094 condicionibus
1981 4051 2116 4095 non
2155 4030 2512 4095 admissum
2548 4050 2686 4094 esse
2726 4049 2949 4094 omnes
2985 4027 3106 4090 viri
3145 4023 3312 4090 docti

603 4132 1041 4212 consentiunt,
1108 4133 1226 4198 sed
1272 4155 1601 4218 quaenam
1644 4135 1769 4200 hae
1819 4136 2238 4201 condiciones
2284 4135 2550 4215 fuerint,
2617 4135 2698 4200 de
2743 4135 2872 4200 hac
2918 4155 2988 4198 re
3033 4135 3208 4198 inter
3247 4149 3309 4194 se

603 4236 939 4304 dissident.
1032 4239 1423 4324 Nuperrime
1481 4241 1602 4307 Th.
1652 4242 1840 4306 Birt²
1895 4243 2162 4326 quidem
2205 4263 2452 4308 novam
2499 4249 2564 4307 et
2617 4241 2835 4308 adhuc
2881 4247 3168 4324 spretam
3214 4258 3308 4301 ra-

600 4345 847 4409 tionem
920 4346 1331 4430 probandam
1404 4349 1711 4431 suscepit,
1788 4371 1938 4414 cum
2010 4350 2352 4416 contendit
2421 4349 2602 4434 apud
2662 4347 2978 4414 Plautum
3051 4347 3307 4428 eiusque

818 4519 838 4555 ²
874 4521 1133 4576 Alterum
1190 4525 1507 4592 exemplum
1563 4541 1632 4578 ex
1686 4523 1892 4578 Lucilii
1948 4503 2278 4596 fragmentis
2321 4531 2641 4596 promptum
2679 4523 2793 4579 XV
2811 4525 2882 4579 27
2929 4523 3051 4592 (M,
3088 4523 3196 4578 434
3231 4520 3305 4584 L,

599 4607 701 4662 491
752 4607 943 4676 Marx)
989 4610 1129 4664 seiae
1174 4618 1337 4666 meret
1384 4615 1533 4666 omni
1581 4614 1852 4667 librorum
1899 4618 2230 4670 auctoritate
2280 4617 2612 4670 destitutum
2662 4619 2761 4682 est,
2818 4613 3133 4668 Horatiana
3175 4609 3308 4664 nihil

596 4696 803 4750 valent.

814 4783 837 4818 ²
874 4786 1012 4839 ‘Der
1048 4785 1190 4840 Hiat
1227 4788 1317 4842 bei
1356 4787 1587 4844 Plautus
1626 4791 1741 4844 und
1780 4792 1870 4845 die
1909 4793 2007 4846 lat.
2045 4795 2416 4863 Aspiration’,
2455 4793 2750 4863 Marburgi
2785 4791 2861 4846 H.
2903 4791 3055 4847 1900.
