3567 5109
520 1232 699 1343 Cum
746 1280 829 1344 de
877 1301 927 1344 e.
967 1280 1327 1364 Augustini
1364 1282 1518 1359 vita,
1568 1280 1889 1359 doctrina,
1929 1280 2188 1362 scriptis
2227 1286 2326 1343 tot
2363 1285 2429 1343 et
2463 1285 2654 1343 tanta
2695 1278 3022 1345 volumina

303 1408 345 1449 a
384 1387 539 1451 viris
570 1387 780 1452 doctis
811 1388 945 1451 sint
982 1387 1179 1466 edita,
1225 1394 1301 1451 ut
1341 1394 1406 1451 et
1444 1386 1860 1451 multitudine
1900 1393 1966 1450 et
2004 1386 2455 1469 magnitudine
2492 1386 2698 1468 ipsius
2738 1386 3027 1451 doctoris

303 1493 618 1558 ecclesiae
682 1493 885 1559 libros
952 1492 1149 1558 facile
1214 1500 1620 1577 superarent,
1690 1493 1769 1557 de
1829 1494 2194 1575 praeceptis
2247 1494 2388 1557 eius
2444 1492 2784 1557 rhetoricis
2837 1532 2918 1539 ——
2969 1495 3024 1557 si

301 1620 513 1681 pauca
576 1599 1043 1665 nonnullorum
1106 1600 1442 1665 hominum
1510 1600 1854 1665 doctorum
1917 1600 2114 1665 verba
2170 1600 2456 1681 excipias
2514 1637 2599 1645 -
2655 1599 2860 1664 altum
2917 1607 3020 1664 est

304 1705 655 1770 silentium.
743 1705 937 1788 Quod
1004 1708 1269 1771 minime
1329 1708 1561 1771 mirum
1611 1716 1726 1770 est.
1811 1706 2129 1789 Theologi
2188 1707 2362 1771 enim
2419 1728 2611 1771 omne
2655 1714 2912 1789 tempus
2961 1714 3028 1771 et

304 1812 593 1877 studium
639 1814 707 1877 in
754 1812 885 1877 illis
933 1813 1144 1879 solum
1193 1814 1375 1878 libris
1412 1813 1876 1896 intellegendis
1916 1820 1983 1878 et
2027 1813 2432 1895 explicandis
2481 1820 2894 1891 consumunt,
2953 1815 3024 1877 in

302 1919 538 2001 quibus
586 1927 855 1985 sanctus
909 1920 1021 1985 ille
1078 1922 1174 1985 vir
1221 1928 1575 2004 praecepta
1632 1943 1888 1987 morum
1944 1927 2011 1985 et
2057 1922 2398 1986 doctrinae
2446 1920 2866 1986 Christianae
2916 1942 3022 1985 ex-

300 2027 490 2108 ponit
514 2032 712 2108 atque
744 2026 827 2090 ab
859 2027 1253 2091 adversariis
1282 2027 1595 2107 defendit,
1646 2027 1965 2110 philologi
2000 2035 2240 2107 autem,
2282 2048 2680 2111 quamquam
2709 2027 3024 2109 plurimas

303 2134 723 2215 quaestiones
789 2154 1033 2217 easque
1100 2133 1527 2198 difficillimas
1592 2136 1725 2199 iam
1793 2133 2168 2199 felicissime
2236 2134 2590 2212 solverunt,
2660 2156 2804 2198 eam
2871 2155 3023 2215 pro-

306 2240 605 2318 vinciam,
670 2262 866 2323 quam
930 2240 1327 2305 rhetoricam
1394 2262 1697 2306 vocamus
1746 2248 1976 2322 artem,
2046 2262 2284 2325 magna
2342 2263 2420 2305 ex
2469 2248 2658 2324 parte
2705 2239 3024 2305 incultam

301 2347 726 2430 reliquerunt.
773 2346 949 2411 Nam
979 2370 1059 2411 ne
1092 2347 1433 2413 Ciceronis
1463 2348 1747 2431 quidem,
1780 2350 1964 2413 cuius
1995 2348 2440 2431 eloquentiam
2469 2370 2696 2413 omnes
2735 2348 3024 2413 omnium

298 2462 671 2536 temporum
718 2454 1016 2519 homines
1064 2456 1362 2519 maximis
1411 2455 1787 2519 extulerunt
1825 2454 2150 2535 laudibuS,
2219 2457 2404 2521 cuius
2453 2457 2806 2534 orationeS,
2857 2476 3022 2537 quas

299 2563 370 2625 in
416 2568 671 2639 senatn,
720 2562 789 2625 in
838 2562 1273 2642 contionibuS,
1322 2562 1391 2625 in
1428 2561 1577 2627 foro
1616 2562 1867 2641 habuit,
1913 2564 2048 2627 iam
2087 2584 2202 2646 per
2249 2568 2348 2627 tot
2385 2562 2650 2627 saecula
2680 2563 2750 2627 in
2781 2560 3022 2625 scholis

300 2668 609 2750 leguntur
674 2674 871 2751 atque
937 2670 1472 2751 interpretantur,
1541 2670 1700 2733 artis
1767 2669 2027 2734 dicendi
2087 2677 2438 2753 praecepta
2494 2671 2747 2735 ratione
2805 2675 2873 2733 et
2915 2669 3022 2732 via

301 2776 599 2857 exposita
646 2782 801 2839 sunt
819 2777 859 2838 ¹.

511 2881 735 2966 Quare
793 2904 925 2947 non
979 2883 1119 2945 sine
1167 2903 1405 2963 magno
1452 2883 1685 2946 timore
1724 2882 1813 2946 ad
1854 2884 2216 2963 materiam,
2266 2904 2464 2966 quam
2500 2882 2660 2946 mihi
2701 2882 3014 2964 proposui

299 2988 736 3068 tractandam,
778 2988 1144 3073 aggredior,
1187 2990 1431 3071 quippe
1472 2990 1603 3073 qui,
1646 3009 1794 3052 cum
1831 2988 2002 3053 hanc
2041 2989 2456 3071 disciplinam
2495 2989 2723 3071 primis
2760 2994 3020 3052 tantum

300 3093 504 3159 labris
552 3096 903 3179 attigerim,
951 3095 1245 3161 laborem
1293 3098 1623 3178 suscipere
1670 3092 1972 3176 audeam,
2044 3118 2237 3181 quem
2292 3097 2592 3161 homines
2642 3096 2838 3173 docti,
2906 3094 3019 3177 qui

298 3224 379 3265 ex
425 3209 565 3267 arte
614 3202 943 3267 rhetorica
990 3202 1273 3285 plurima
1318 3203 1704 3282 hauserunt,
1751 3203 2210 3285 imperfectum
2257 3204 2676 3287 reliquerunt.

512 3308 645 3374 Sed
694 3309 887 3373 detur
935 3309 1097 3374 haec
1134 3314 1325 3374 venia
1363 3311 1807 3390 admirationi,
1858 3332 1988 3393 qua
2026 3314 2236 3393 magis
2275 3315 2612 3395 magisque
2642 3308 3017 3388 adficiebar,

298 3420 833 3497 quotiescumque
900 3436 950 3479 s·
1013 3418 1373 3499 Augustini
1438 3421 1684 3499 scripta
1746 3415 2067 3499 legebam,
2142 3416 2466 3500 liceatque
2547 3417 2706 3480 mihi
2773 3436 3020 3498 paucos

296 3542 594 3586 resecare
641 3522 918 3604 lapidee,
988 3527 1100 3607 qui
1147 3528 1202 3587 si
1250 3523 1334 3587 ab
1392 3523 1764 3589 hominibus
1823 3524 2032 3589 doctis
2081 3524 2166 3589 ad
2223 3528 2536 3589 scientiae
2583 3524 2814 3588 aedem
2863 3544 3014 3585 con—

296 3628 681 3693 struendam
726 3633 867 3711 apti
914 3650 1055 3693 esse
1096 3629 1415 3709 dicentur,
1463 3634 1595 3695 iam
1632 3630 1757 3694 hoc
1798 3635 2012 3712 ipsum
2051 3635 2416 3713 praemium
2457 3630 2613 3693 mihi
2653 3634 2780 3694 erit
2814 3632 3016 3693 maxi-

298 3756 491 3799 mum.
540 3735 708 3799 Rem
756 3742 976 3800 autem
1021 3736 1146 3801 hoc
1195 3737 1389 3801 modo
1438 3743 1841 3801 tractaturus
1890 3759 2053 3817 sum,
2101 3744 2192 3802 ut'
2215 3740 2508 3823 primum
2544 3740 2618 3801 de
2653 3738 3018 3821 fhaymento

294 3844 573 3925 (modam
617 3844 785 3907 arti-s·
828 3844 1194 3925 metm-icae,
1243 3845 1415 3927 quod
1456 3846 1577 3908 sub
1630 3845 1895 3909 ‘nomine
1943 3846 2305 3929 Auyustiui
2346 3844 2826 3927 cirtemnfertnr,
2885 3842 3015 3906 dis-

296 3970 532 4028 seram,
583 3956 723 4013 tum
760 3951 833 4013 cle
874 3951 1238 4033 Anyuste'ni
1270 3951 1437 4013 arti-s·
1480 3952 1734 4015 dicendi
1768 3957 1832 4014 et
1857 3952 2302 4035 philo-sophiae
2338 3951 2594 4033 studiis,
2642 3972 2804 4033 qnae
2833 3950 3018 4013 nobis

294 4057 723 4138 innotuerint,
770 4077 985 4138 pauca
1022 4055 1258 4135 dicam,
1307 4058 1579 4139 deniqne
1614 4058 1984 4141 fraymenta
2012 4064 2498 4142 praeceptormn
2539 4058 2706 4121 artis
2741 4057 3013 4133 divendi,

294 4184 461 4243 quae
508 4184 625 4245 per
671 4162 965 4245 singulos
1013 4163 1377 4246 Auqnste'ni
1422 4162 1627 4227 libros
1676 4163 1972 4245 dispersa
2019 4166 2104 4229 ad
2151 4164 2322 4228 hanc
2369 4170 2656 4229 aetatem
2704 4182 3014 4245 pervene-

296 4276 472 4348 runt,
538 4270 829 4353 colle'yam
890 4276 1081 4353 atque
1125 4271 1451 4353 explieem.
1534 4270 1644 4335 Ita
1698 4274 1871 4334 enim
1923 4270 2260 4349 facillime,
2329 4270 2548 4353 quoad
2595 4270 2736 4335 fieri
2783 4272 3014 4351 possit,

294 4396 415 4439 nos
464 4374 914 4440 intellecturos
962 4397 1106 4439 esse
1156 4397 1370 4457 spem,
1418 4398 1586 4459 quae
1636 4376 2053 4458 Augustinus
2102 4378 2184 4441 de
2233 4384 2374 4443 arte
2415 4378 2677 4441 dicendi
2717 4380 3014 4441 senserit.

290 4502 506 4511 0—---
527 4506 706 4511 ——-

512 4553 529 4585 ¹
568 4552 654 4605 Cf.
694 4552 760 4605 E.
798 4551 1045 4619 Norden,
1103 4553 1233 4607 ‘Die
1272 4554 1459 4607 antike
1498 4554 1881 4622 Kunstprosa’
1928 4554 1960 4607 1
2007 4556 2138 4609 212:
2187 4554 2398 4609 ‘lVenn
2437 4555 2526 4609 ich
2563 4554 2862 4623 behaupte,
2901 4554 3014 4607 dass

296 4638 387 4691 fiir
424 4642 546 4695 eine
583 4642 843 4711 gei-echte
883 4642 1242 4711 Wiirdigung
1280 4642 1380 4695 der
1412 4642 1741 4711 Bedeutung
1781 4644 2004 4697 Ciceros
2044 4645 2123 4697 als
2152 4644 2404 4699 Redners
2435 4644 2547 4697 und
2577 4642 2830 4697 Stilisten
2855 4643 3013 4696 heut-

294 4736 491 4799 zutage
530 4748 591 4783 so
629 4736 733 4801 gut
770 4731 869 4783 wie
910 4732 1045 4785 alles
1086 4730 1245 4800 fehlt,
1284 4749 1344 4785 so
1382 4732 1525 4785 weiss
1562 4732 1670 4799 ich,
1710 4732 1824 4787 dass
1863 4732 2020 4786 darin
2049 4734 2301 4789 mehrere
2341 4734 2595 4799 Miinner,
2634 4733 2802 4788 deren
2833 4731 3010 4786 Urteil

298 4820 403 4871 mir
442 4819 789 4889 massgebend
830 4822 920 4887 ist,
958 4822 1067 4873 mir
1104 4820 1500 4875 beistimmen’.
