3567 5109
1655 302 2085 365 ...44-

520 511 894 573 possumus
947 495 1310 558 Paulinum
1361 513 1501 558 non
1549 502 1688 558 tam
1737 503 1985 559 contra
2028 497 2221 576 leges
2254 496 2555 559 Graecae
2604 494 2977 571 doctrinae,
3026 512 3239 573 quam

521 604 768 663 contra
833 597 1258 681 syllabarum
1326 603 1781 680 quantitatem
1856 619 2179 681 peccasse
2226 634 2308 647 --
2355 600 2427 663 id
2494 601 2683 681 quod
2748 597 2946 663 verbi
3016 600 3237 678 gratia

521 706 590 767 in
621 698 979 786 suffid'tha
1015 705 1278 784 (XXIV,
1309 706 1464 784 293)
1499 712 1570 768 et
1599 701 1922 789 allophy‘kz
1951 706 2217 785 (XXIV,
2248 707 2401 783 549)
2434 710 2725 785 propter
2754 722 2958 767 usum
2989 703 3237 767 verbo-

520 827 676 871 rum
707 806 1034 892 suffici‘9iia
1065 810 1330 889 (XXXI,
1367 815 1521 884 6183
1556 812 1726 891 App.
1759 811 1812 888 I,
1846 809 1953 887 74)
1992 814 2061 873 et
2115 802 2504 893 allophylum
2552 808 2819 889 (XXVI,
2868 808 2977 890 71)
3028 810 3241 873 statui

520 914 682 977 licet
727 948 828 991 -—,
875 920 1102 979 tamen
1134 915 1630 995 relinquuntur
1674 916 1986 996 spondei,
2037 916 2122 979 de
2171 915 2428 995 quibus
2476 906 2781 978 dubitari
2811 933 2952 977 non
2983 921 3239 995 potest.

523 1019 757 1092 Quare
821 1021 980 1100 quia
1044 1023 1117 1083 in
1181 1020 1590 1084 hexametro
1657 1020 1993 1085 Paulinus
2058 1021 2485 1105 syllabarum
2561 1020 3019 1099 quantitatem
3094 1038 3237 1082 non

523 1142 729 1206 saepe
763 1121 982 1203 laesit,
1032 1124 1591 1189 concludendum
1621 1131 1728 1189 est
1760 1143 1918 1189 eum
1952 1144 2407 1189 numerorum
2454 1125 2911 1188 iambicorum
2958 1142 3237 1188 severas

523 1229 714 1308 leges
763 1230 1058 1293 Graecas
1107 1248 1248 1293 non
1295 1247 1643 1295 servasse.

731 1336 954 1413 Atque
1003 1335 1177 1397 adeo
1229 1336 1418 1397 arsin
1465 1336 1761 1416 spondei
1810 1336 1881 1399 in
1930 1336 2095 1400 sede
2140 1337 2291 1418 pari
2346 1336 2559 1417 positi
2608 1334 2936 1400 Paulinus
3005 1335 3235 1397 solvit.

523 1437 729 1509 Quod
781 1437 1064 1519 quidem
1115 1457 1280 1501 raro
1313 1438 1429 1516 fit3
1488 1440 1612 1503 sed
1645 1440 1989 1504 sententia
2041 1441 2565 1505 commendatur
2601 1439 2916 1523 dactylus
2950 1439 3237 1503 alterius

523 1542 724 1623 pedis
775 1541 908 1605 hoc
953 1545 1024 1606 in
1070 1560 1280 1606 versu
1330 1543 1596 1622 (XXIV,
1647 1546 1789 1624 59):

1209 1678 1323 1728 qua
1362 1666 1550 1717 miseri
1587 1667 1811 1731 rugiant
1844 1668 2077 1733 pelagus
2114 1668 2377 1719 infestum
2418 1664 2557 1718 via‘?

527 1792 708 1871 Apte
757 1792 941 1853 enim
988 1790 1288 1853 turbatis
1336 1793 1644 1854 numeris
1692 1792 2113 1856 describitur
2156 1795 2407 1857 mentis
2453 1790 2906 1873 perturbatio
2971 1787 3237 1853 Deinde

522 1895 812 1958 verbum
861 1895 1198 1958 Graecum
1244 1898 1511 1958 veniam
1561 1895 1677 1960 dat
1721 1897 1989 1959 versui:
2896 1878 2909 1889 ⁵

1039 2016 1234 2081 XXIV,
1273 2019 1400 2067 677:
1438 2016 1534 2067 sed
1573 2030 1772 2069 rursus
1810 2018 1965 2069 idem
2006 2023 2062 2070 et
2097 2020 2429 2081 euangelico
2470 2019 2731 2082 desuper.

525 2156 663 2219 Sed
711 2176 854 2221 non
900 2161 996 2221 ita
1043 2160 1361 2222 excusari
1406 2165 1704 2240 possunt
1750 2161 1824 2223 hi
1871 2180 2150 2225 versus:

949 2280 1100 2342 XXI,
1139 2282 1266 2332 214:
1305 2282 1404 2344 qui
1445 2282 1624 2333 mixta
1660 2284 1870 2333 veteris
1907 2288 1963 2335 et
1998 2284 2137 2335 novi
2176 2288 2334 2335 ortus
2368 2283 2583 2347 glorias

943 2368 1143 2433 XXIV,
1181 2371 1311 2421 225:
1349 2384 1480 2420 nam
1521 2370 1670 2421 liber
1704 2371 1893 2436 undis,
1931 2373 2085 2423 intra
2122 2385 2279 2423 mare
2311 2370 2441 2435 <et>
2475 2374 2631 2423 exter
2666 2370 2867 2435 maris3

1190 2459 1316 2509 627:
1356 2463 1492 2509 tunc
1532 2459 1689 2509 mille
1725 2472 1758 2509 a
1796 2460 1989 2525 latere,
2030 2460 2176 2510 dena
2209 2460 2323 2525 <a>
2355 2459 2573 2509 dextris
2612 2457 2773 2509 milia
2786 2473 2801 2518 ς

1187 2546 1316 2597 863:
1358 2546 1592 2597 desueta
1630 2560 1949 2609 pennarum
1989 2548 2231 2611 remigia
2269 2547 2475 2597 denuo.

524 2665 629 2725 Ex
728 2667 979 2743 quibus
1081 2668 1403 2733 versibus
1502 2672 1637 2735 iam
1721 2671 1960 2751 liquet,
2066 2671 2319 2751 quibus
2413 2669 2646 2731 verbis
2726 2664 3056 2729 Paulinus
3162 2664 3235 2726 in

527 2768 754 2833 soluta
829 2772 966 2835 arsi
1049 2792 1213 2837 usus
1290 2777 1410 2853 sit;
1507 2782 1815 2839 statuere
1889 2776 2073 2839 enim
2148 2792 2523 2858 possumus
2616 2790 2775 2836 eum
2850 2786 3229 2849 numquam

525 2874 739 2936 ictum
784 2877 1150 2939 metricum
1202 2898 1240 2942 a
1288 2880 1487 2943 verbi
1519 2886 1807 2945 accentu
1839 2881 2347 2961 discrepantem
2383 2878 2516 2943 sibi
2547 2876 2973 2960 permisisse:
3028 2890 3234 2953 quem

525 2978 612 3039 ad
658 2980 942 3043 modum
990 2981 1273 3046 Plautus
1321 2992 1388 3048 et
1434 2985 1799 3049 Terentius
1847 2986 1918 3047 in
1966 2985 2262 3049 iambico
2323 2985 2599 3047 senario
2646 2978 3011 3055 vocabula,
3061 2995 3237 3058 quae

528 3082 932 3166 tribrachyn
978 3086 1314 3169 efficiunt,
1360 3108 1719 3169 nunquam
1768 3096 2013 3154 contra
2062 3089 2264 3152 verbi
2313 3092 2675 3152 accentum
2722 3083 3063 3162 acuunt1).

738 3188 911 3252 Tum
958 3192 1030 3254 in
1077 3190 1241 3255 sede
1291 3199 1539 3273 quarta
1583 3194 1692 3256 vel
1740 3195 1955 3257 thesis
1999 3195 2212 3274 longa
2261 3192 2558 3255 solvitur
2603 3192 2673 3252 in
2721 3187 2831 3251 his
2878 3185 3231 3249 versibus:

948 3313 1014 3377 X,
1055 3316 1145 3365 23:
1184 3316 1292 3367 fuit
1328 3316 1436 3366 ista
1473 3317 1765 3379 quondam
1805 3330 1921 3365 non
1962 3329 2086 3382 ope,
2125 3316 2221 3365 sed
2260 3315 2449 3366 studio
2488 3313 2631 3377 pari,

1049 3404 1141 3453 75:
1179 3407 1502 3466 contempta
1541 3417 1812 3466 praesens
1850 3404 1941 3453 vel
1978 3417 2141 3467 mage
2179 3403 2437 3466 deposita
2474 3400 2585 3451 sibi
2626 3398 2715 3461 (ct.
2755 3411 2809 3460 p.
2848 3398 2956 3459 42),

948 3490 1145 3556 XXIV,
1183 3492 1314 3541 413:
1353 3504 1457 3540 nec
1494 3495 1650 3542 sente
1689 3491 1915 3541 vultum
1954 3504 2057 3541 nec
2095 3490 2289 3553 lapide
2335 3493 2491 3539 artus
2530 3486 2799 3549 contudit,

1190 3580 1313 3629 617:
1353 3578 1427 3628 sit
1462 3578 1625 3628 fortis
1664 3578 1857 3628 anima
1896 3577 2249 3628 mortificans
2284 3576 2503 3627 asinum
2544 3587 2729 3624 suum.

737 3696 1052 3779 Denique
1100 3700 1490 3782 tribrachys
1537 3700 1750 3763 iambi
1798 3701 1951 3763 loco
2001 3698 2274 3781 positus
2320 3702 2392 3761 in
2438 3698 2602 3761 sede
2636 3696 2850 3759 altera
2880 3692 3237 3755 invenitur

529 3800 764 3879 XLI⁵⁶·,
809 3804 953 3865 1v⁶²
995 3805 1068 3866 in
1118 3812 1361 3884 quarta
1407 3806 1725 3881 trimetri,
1773 3802 1967 3867 VII¹⁹⁸
2013 3807 2085 3867 in
2134 3805 2415 3867 dimetri
2459 3802 2635 3883 pede
2689 3798 3013 3863 secundO.
3060 3796 3235 3858 Mira

529 3914 755 3970 autem
821 3911 1172 3990 reperitur
1237 3910 1694 3989 congruentia
1757 3912 2086 3973 tribrevis
2150 3908 2349 3990 pedis
2414 3910 2486 3970 in
2534 3904 2837 3969 secunda
2902 3902 3067 3965 sede
3114 3899 3234 3963 ad-

529 4013 738 4075 missi.
785 4014 1098 4095 Excepto
1146 4018 1329 4077 enim
1375 4033 1516 4077 uno
1580 4033 1789 4077 versu
1853 4015 2088 4091 XXIV,
2154 4021 2298 4089 745,
2368 4012 2491 4075 ubi
2562 4008 2951 4088 tribrachys
3027 4004 3237 4068 unius

526 4118 722 4179 verbi
813 4118 1202 4178 sustinuerat
1277 4126 1472 4199 parte
1569 4119 1987 4195 continetur,
2064 4119 2243 4181 arsis
2319 4117 2547 4179 soluta
2640 4118 2712 4176 in
2787 4131 2927 4174 uno
3017 4108 3234 4174 verbo

529 4222 895 4305 trisyllabo
975 4226 1299 4299 occurrit,
1392 4224 1581 4304 quod
1656 4225 2073 4304 plerumque
2150 4228 2601 4302 anapaestum
2680 4222 2945 4296 aequat.
3035 4212 3235 4277 Unde

530 4327 1053 4389 commendatur
1117 4329 1342 4406 lecti0,
1410 4347 1615 4407 quam
1683 4330 2013 4408 proponit
2078 4328 2433 4391 Hartelius
2502 4325 2589 4387 ad
2654 4340 2937 4385 versum
3000 4318 3236 4394 XXIV,

531 4437 674 4507 407,
725 4450 928 4509 quem
977 4433 1142 4495 libri
1189 4451 1402 4495 manu
1436 4436 1677 4514 scripti
1727 4433 2088 4496 exhibent:

959 4568 1140 4617 parvo
1179 4555 1350 4605 breve
1389 4568 1493 4619 per
1530 4556 1637 4605 iter
1675 4556 1912 4618 (pariter
1950 4552 2019 4616 B)
2062 4566 2191 4605 aere
2228 4554 2569 4603 conductum
2606 4550 2777 4600 sedet.

631 4852 638 4859 ,
739 4803 774 4863 ²)
813 4800 895 4853 Cf.
937 4801 1189 4865 Lindsay
1223 4801 1284 4851 in
1327 4798 1639 4851 Woelfflin.
1681 4798 1915 4849 Archiv.
1954 4798 2063 4847 VII
2104 4798 2207 4849 596
2244 4808 2346 4858 sq.,
2386 4793 2590 4845 Philol.
2629 4792 2702 4841 LI
2740 4790 2842 4841 364
2880 4802 3002 4851 sqq.
