3567 5109
1605 303 2066 366 ..104-

497 515 670 574 quae
718 496 945 575 capita
991 496 1210 556 I—-IX
1259 497 1764 573 complectitur,
1832 501 1978 555 tota
2046 494 2193 555 fere
2238 513 2322 555 ex
2372 493 2778 555 Cassiodori
2843 493 3198 555 rhetorica

496 606 602 662 est
641 601 1083 678 transcripta.
1115 601 1359 660 Postea
1395 605 1624 661 autem
1656 598 1953 665 Isidoro,
1988 601 2319 677 quoniam
2340 598 2459 659 ille
2480 597 2702 660 solam
2724 600 3200 661 inventionem

497 710 937 780 tractaverat,
983 704 1157 766 alter
1203 703 1335 765 fuit
1381 705 1742 782 eligendus
1790 703 1968 776 tona
2019 722 2103 764 ex
2154 722 2291 781 quo
2342 710 2569 766 cetera
2620 709 2995 782 praecepta
3040 701 3199 764 hau-

494 811 688 872 riret.
787 811 1029 871 Nonne
1095 810 1245 870 veri
1294 809 1720 872 simillimum
1770 817 1876 871 est
1925 826 2081 870 eum
2130 811 2265 870 iam
2316 808 2609 870 eundem
2658 807 3000 870 evolvisse
3046 824 3197 869 auc-

498 921 740 988 torem,
798 932 936 993 quo
985 921 1183 975 antea
1228 915 1302 975 in
1349 914 1694 993 capitibus
1739 914 1853 976 IV.
1900 920 1969 975 et
2016 914 2161 976 VII.
2208 912 2737 976 conseribendis
2784 918 2939 975 erat
2984 912 3196 974 usus?

497 1020 904 1098 inspicienti
969 1027 1197 1081 autem
1271 1019 1478 1080 huius
1545 1019 1915 1098 scriptoris
1979 1017 2201 1080 libros
2276 1020 2337 1080 ei
2403 1019 2797 1080 occurrisse
2872 1016 3201 1080 videntur

495 1143 610 1188 res
659 1126 1018 1203 quaedam,
1067 1142 1241 1203 quas
1275 1125 1526 1203 dignas
1559 1142 1711 1187 esse
1758 1126 2046 1194 censuit,
2095 1141 2267 1202 quae
2314 1126 2385 1187 in
2420 1123 2785 1202 Originum
2833 1123 3052 1184 libros
3098 1139 3200 1183 re·

497 1232 911 1310 ciperentur.
995 1229 1147 1300 Quo
1213 1228 1474 1292 factum
1542 1247 1696 1291 esse
1743 1231 2017 1309 opinor,
2082 1235 2159 1290 ut
2202 1230 2477 1300 iterum,
2533 1235 2906 1309 postquam
2952 1228 3199 1290 Inven-

495 1337 755 1397 tionem
822 1334 1142 1410 absolvit,
1207 1333 1295 1395 ad
1359 1334 1634 1397 initium
1703 1331 2118 1412 rhetoricae,
2181 1336 2269 1397 ad
2333 1335 2601 1415 primas
2676 1333 2927 1396 orandi
3002 1349 3196 1393 exer·

495 1440 860 1504 citationes
909 1445 978 1502 et
1025 1439 1112 1500 ad
1169 1439 1662 1519 quaestionum
1710 1457 1987 1517 genera,
2038 1438 2316 1515 rediret,
2384 1445 2529 1501 tum
2594 1438 2874 1501 demum
2940 1439 3197 1500 omissa

497 1544 960 1623 dispositione
1007 1544 1095 1606 ad
1142 1545 1606 1607 elocutionem
1655 1543 2187 1608 describendam.
2233 1543 2759 1623 aggrederetur.

703 1648 957 1712 Isidori
1023 1649 1109 1711 de
1174 1649 1564 1712 elocutione
1631 1650 2011 1729 disputatio
2059 1655 2203 1712 tota
2250 1649 2475 1712 bonae
2524 1648 2749 1728 frugis
2806 1653 2913 1710 est
2958 1646 3194 1726 plena;

497 1761 798 1818 attamen
847 1772 1073 1833 neque
1121 1772 1206 1815 ex
1250 1753 1606 1816 Ciceronis
1653 1753 1855 1816 libris
1902 1772 2128 1833 neque
2176 1772 2261 1818 ex
2294 1753 2707 1825 Quintiliani
2753 1753 3200 1815 Institutione

495 1860 805 1922 oratoria
861 1859 1140 1922 videtur
1189 1860 1502 1926 fluxisse.
1567 1861 1768 1932 Quod
1816 1868 1893 1923 ut
1940 1862 2187 1924 melius
2232 1862 2768 1942 perspiceretur,
2812 1860 3201 1938 utriusque,

497 1981 674 2042 quos
740 1965 829 2027 ad
892 1983 1039 2028 rem
1107 1969 1460 2046 pertine-re
1525 1969 1782 2044 censui,
1850 1967 2041 2029 locos
2108 1968 2374 2045 collegi,
2450 1966 2782 2029 collectos
2860 1982 3014 2026 cum
3090 1964 3198 2036 iis,

497 2087 674 2146 quae
719 2070 834 2132 ille
881 2072 1178 2150 scripsit,
1226 2073 1644 2151 comparavi.
2667 2079 2671 2084 ’

703 2174 1014 2236 Primum
1080 2176 1166 2240 de
1232 2177 1574 2257 capitibus
1640 2177 1813 2241 XVI.
1883 2178 1997 2255 (de
2064 2178 2481 2252 elocutione)
2532 2182 2599 2238 et
2645 2176 2853 2238 XVII.
2916 2174 3031 2252 (de
3074 2172 3199 2234 tri-

498 2278 703 2340 modo
753 2279 1029 2342 dicendi
1075 2283 1358 2359 genere)
1406 2300 1708 2360 agemus.

1459 2405 1702 2466 Isidor.
1751 2424 1814 2484 p.
1866 2411 2008 2481 515,
2066 2411 2251 2467 17sS.

701 2506 840 2569 Iam
905 2525 1070 2570 vero
1135 2509 1644 2572 elocutionibus
1707 2513 1806 2573 sic
1884 2515 1980 2573 uti
2060 2511 2426 2591 oportebit,
2474 2516 2548 2570 ut
2596 2527 2723 2584 reS,
2770 2509 2983 2583 locuS,
3032 2513 3197 2569 tem-

489 2631 656 2692 pus,
695 2599 992 2690 persona
1051 2601 1390 2675 audientis
1449 2613 1816 2694 efflagitat,
1875 2633 1960 2677 ne
2016 2615 2311 2694 profana
2365 2614 2730 2692 religiosiS,
2785 2629 2873 2675 ne
2929 2613 3198 2673 invere-

493 2713 722 2778 c'unda
770 2719 993 2791 eastiS,
1041 2734 1127 2780 ne
1171 2719 1350 2779 levia
1402 2719 1761 2796 gravibuS,
1812 2737 1898 2782 ne
1944 2719 2201 2781 lasciva
2250 2718 2472 2793 seriiS,
2518 2736 2604 2780 ne
2650 2717 2940 2779 ridicula
2984 2715 3198 2778 tristi·

497 2821 628 2882 bus
675 2823 1110 2884 misceantur.

1041 2944 1256 2994 Cicero.
1846 2947 1851 2987 l
2353 2943 2757 3000 Quintilianus.

636 3047 730 3098 Or.
758 3050 848 3097 24:
877 3047 1108 3111 Semper
1128 3055 1417 3098 oratorum
1440 3050 1795 3112 eloquentiae
1848 3051 1852 3120 j
2040 3050 2148 3098 XII
2191 3051 2271 3114 10,
2310 3051 2404 3100 44:
2452 3046 2553 3113 Ita,
2604 3063 2719 3110 quo
2777 3049 3016 3111 quisque
3068 3047 3200 3109 plus

497 3134 846 3183 moderatrix
885 3136 992 3184 fuit
1032 3135 1352 3185 auditorum
1393 3136 1714 3199 prudentia.
1849 3156 1853 3184 ι
1902 3135 2082 3186 efficit
2149 3136 2410 3202 dicendo,
2472 3136 2581 3185 hoc
2642 3135 2823 3198 magis
2883 3135 3199 3184 secundum

639 3222 730 3272 Or.
769 3224 862 3270 71:
903 3222 999 3270 Est
1040 3227 1228 3272 autem
1267 3223 1404 3284 quid
1436 3225 1630 3273 deceat
1669 3238 1793 3273 ora·
1848 3201 1853 3259 Ῐ
1902 3228 2161 3273 naturam
2183 3223 2540 3285 eloquentiae
2560 3223 2715 3274 dicit.
2734 3224 2820 3274 45:
2840 3222 3202 3285 Quapropter

497 3309 604 3357 tori
643 3307 954 3357 videndum
991 3321 1104 3358 non
1153 3309 1212 3356 in
1249 3311 1538 3360 sententiis
1593 3312 1793 3376 solum,
1902 3323 1972 3361 ne
2026 3311 2140 3359 illis
2196 3311 2431 3374 quidem
2488 3310 2729 3361 nimium
2766 3322 3041 3372 repugnO,
3098 3308 3200 3371 qui

497 3395 593 3444 sed
631 3395 801 3443 etiam
847 3395 904 3442 in
943 3396 1150 3444 verbis.
1225 3396 1346 3445 Non
1403 3397 1552 3446 enim
1611 3399 1795 3447 omnis
1902 3397 2153 3446 dandum
2232 3402 2431 3460 putant
2490 3397 2754 3446 nonnihil
2817 3397 2987 3446 etiam
3062 3379 3199 3445 tein-

499 3485 744 3548 tortuna,
801 3496 912 3532 non
969 3484 1152 3532 omnis
1207 3485 1402 3544 honos,
1460 3500 1572 3536 non
1611 3487 1797 3536 omnis
1850 3546 1853 3555 Ι
1902 3485 2138 3546 poribus
2175 3491 2346 3547 atque
2384 3485 2637 3551 auribus,
2691 3483 2926 3534 nitidius
2980 3473 3197 3545 aliquid

498 3571 819 3635 auctoritas,
875 3583 989 3618 non
1045 3571 1227 3619 omnis
1283 3577 1454 3636 aetaS‚
1509 3587 1613 3623 nec
1659 3587 1795 3622 vero
1848 3602 1853 3671 Ι
1904 3577 2072 3634 atque
2110 3571 2387 3624 adfectius
2442 3573 2876 3636 postulantibus.
2950 3571 3086 3623 VIII
3150 3575 3200 3634 3,

499 3657 655 3707 locus
693 3661 789 3718 aut
829 3663 1045 3718 tempus
1084 3662 1180 3707 aut
1219 3659 1447 3708 auditor
1485 3660 1665 3710 omnis
1703 3674 1792 3710 eo·
1902 3661 1984 3710 60:
2026 3659 2131 3710 Cui
2180 3661 2365 3711 simile
2402 3661 2603 3712 vitium
2641 3665 2723 3710 est
2774 3660 2928 3722 apud
2978 3672 3094 3722 nos,
3150 3659 3199 3708 si

498 3745 622 3798 dem
663 3749 758 3794 aut
795 3745 1098 3794 verborum
1127 3758 1331 3806 genere
1361 3747 1686 3797 tractandus
1713 3753 1795 3796 est
1903 3747 2031 3808 quis
2067 3748 2338 3797 sublimia
2394 3743 2720 3812 humilibus,
2780 3752 2971 3798 vetera
3018 3746 3199 3808 neria,

499 3838 595 3882 aut
649 3831 1074 3895 sententiarum,
1129 3845 1461 3896 semperque
1521 3835 1579 3882 in
1642 3836 1795 3884 omni
1848 3864 1853 3895 5
1903 3835 2123 3894 poetica
2160 3835 2497 3896 vulgaribus
2534 3835 2781 3884 misceat.

497 3923 660 3982 parte
698 3918 972 3967 orationis
999 3957 1010 3970 .
1039 3957 1050 3968 .
1076 3956 1086 3966 .
1115 3918 1254 3980 quid
1295 3920 1488 3969 deceat
1528 3927 1610 3971 est
1665 3935 1795 3970 con-

497 4005 888 4070 siderandum3
928 4006 1084 4069 quod
1124 4010 1176 4054 et
1215 4006 1274 4055 in
1313 4019 1390 4066 re,
1431 4008 1498 4056 de
1526 4020 1639 4070 qua
1676 4007 1795 4068 agi·
1850 4020 1853 4065 ι

498 4097 609 4154 tur,
647 4092 888 4153 positum
915 4097 996 4140 est
1034 4098 1087 4142 et
1130 4093 1186 4141 in
1215 4093 1475 4154 personis
1501 4099 1556 4143 et
1581 4107 1793 4157 eorum,

499 4179 596 4240 qui
639 4179 854 4245 dieunt,
894 4183 948 4228 et
986 4193 1200 4239 eorum,
1239 4180 1629 4242 quiffiaudiunt.

638 4267 728 4317 Or.
768 4269 858 4316 74:
889 4306 900 4316 .
928 4304 941 4316 .
971 4304 982 4314 .
1018 4263 1319 4330 (declarat)
1377 4267 1576 4316 decere
1632 4269 1794 4330 quasi

498 4359 694 4416 aptum
731 4366 848 4420 esse
885 4359 1434 4416 consentaneumque
1463 4357 1701 4416 tempori
1741 4361 1795 4404 et

497 4453 785 4503 personae.
1057 4483 1066 4495 ,
1249 4495 1254 4498 ,
1849 4442 1855 4501 ξ

637 4529 746 4580 Or..
773 4531 896 4600 123:
927 4567 936 4578 .
965 4555 977 4578 .·
1005 4565 1016 4576 .
1042 4530 1113 4579 sit
1153 4534 1466 4591 temporum
1524 4543 1792 4591 persona·
1850 4528 1853 4595 Ι

497 4631 738 4680 rumque
777 4617 1119 4679 moderator.
1527 4651 1532 4658 ·

543 4761 552 4764 ,
593 4719 600 4724 ·
637 4706 706 4754 de
743 4701 839 4754 Or.
873 4704 968 4766 ,111
1007 4707 1098 4756 53:
1120 4742 1132 4755 .
1161 4740 1173 4752 .
1203 4744 1212 4753 .
1241 4704 1300 4752 id
1329 4708 1424 4768 est,
1466 4705 1619 4766 quod
1647 4705 1794 4769 dice,
1850 4726 1856 4784 ἶ

498 4799 708 4840 ornate.
745 4793 852 4848 Qui
893 4792 1040 4841 idem
1078 4791 1156 4840 ita
1186 4791 1567 4853 moderantur,
1607 4797 1667 4840 ut
1707 4803 1793 4839 re·
1850 4822 1855 4835 .
