3567 5109
1719 291 2206 353 —152-

599 500 831 567 Nihilo
879 501 1093 565 minus
1130 501 1423 566 Nonium
1472 521 1738 584 sequor3
1787 522 1942 566 nam
1987 521 2058 566 re
2106 521 2257 565 vera
2307 501 2770 566 ‘consternari’
2811 500 3145 566 interdum
3185 507 3338 564 ‘ex-

601 608 822 674 citari'
862 607 1233 692 significare
1260 606 1593 673 locutione
1630 609 1717 672 ad
1740 629 1931 672 arma
1957 609 2382 686 consternari,
2415 629 2614 691 quam
2641 607 2868 672 Livius
2896 607 2998 672 bis
3027 606 3338 690 praebet,

604 715 992 782 ostenditur.
1084 714 1419 782 Videlicet
1463 715 1645 779 notio
1694 714 2029 779 sternendi
2074 713 2394 797 paulatim
2437 714 2510 779 in
2557 715 2919 797 composito
2969 713 3337 780 obscurata

600 828 717 901 est,
786 842 933 886 cum
995 822 1446 886 tantummodo
1512 820 1833 886 translate
1899 821 1980 885 de
2047 821 2248 886 animi
2312 819 2918 904 perturbationibus
2973 821 3335 885 diceretur.

601 927 797 1013 Quod
840 948 993 993 vero
1039 928 1334 993 homines
1378 934 1625 993 terrore
1674 927 1960 1010 perculsi
2005 926 2108 992 vel
2145 928 2231 993 a'd
2271 928 2637 1006 audaciam,
2687 949 2820 1012 qua
2857 935 3077 993 mente
3107 927 3340 992 sobria

600 1035 1089 1115 abstinuissent,
1136 1035 1327 1118 proni
1373 1042 1545 1114 sunt,
1596 1035 2058 1100 ‘consternari’
2108 1056 2227 1118 pro
2277 1034 2673 1120 exagitando
2719 1035 2876 1118 poni
2924 1035 3160 1117 potuit.

811 1143 1121 1227 Denique
1184 1143 1545 1208 Pacuvium
1610 1143 1942 1220 blaterare,
2020 1143 2206 1206 cuius
2267 1142 2554 1226 vulgaris
2617 1143 2798 1208 notio
2866 1148 2966 1206 est
3029 1140 3382 1225 ‘garrule-

597 1251 827 1315 inania
870 1250 1068 1315 verba
1113 1249 1443 1328 fundere’‚
1489 1249 1689 1332 paulo
1738 1249 2084 1314 immutata
2131 1249 2194 1313 vi
2232 1248 2608 1315 adhibuisse
2657 1247 3044 1332 Fulgentius
3091 1255 3338 1312 auctor

600 1362 721 1422 est.
769 1356 996 1425 Verba
1042 1358 1182 1422 eius
1230 1361 1385 1422 sunt
1428 1357 1659 1422 haec¹:
1754 1357 1930 1434 Quid
1971 1357 2061 1421 sit
2107 1357 2464 1422 blatterare.
2526 1357 2860 1422 Pacuvius
2903 1358 2980 1420 in
3029 1355 3336 1420 Seudone

600 1465 885 1530 comedia
928 1466 1185 1530 inducit
1234 1465 1637 1548 Sceparmmz
1681 1485 1946 1528 servum
1981 1465 2256 1528 aneilla-e
2291 1465 2604 1530 dicentem
2615 1489 2639 1528 .·
2695 1464 2828 1542 „Ni
2860 1484 2968 1548 eyo
3007 1469 3064 1527 te
3101 1463 3334 1526 blatte-

599 1577 858 1637 rantem
883 1572 1251 1656 aspicerem,
1289 1571 1395 1636 his
1429 1573 1747 1635 mintium
1774 1569 2164 1636 indicassem
2177 1571 2202 1610 ²
2220 1577 2280 1649 “,·
2325 1572 2665 1635 blatterare
2703 1571 2878 1634 enim
2905 1570 3102 1654 qua-si
3129 1569 3337 1633 rerba

604 1679 1002 1762 trepidantia
1054 1683 1233 1742 metu
1290 1678 1613 1742 balbutire
1666 1678 1996 1742 dia-emant.
2086 1675 2296 1760 Quem
2351 1675 2569 1742 locum
2625 1677 2787 1740 satis
2831 1674 3332 1740 memorabilem

600 1784 903 1850 Ribbeck
932 1783 1192 1849 silentio
1222 1785 1664 1867 praetermisit
1696 1805 2025 1868 nusquam
2057 1782 2418 1864 declarans,
2457 1805 2616 1848 num
2645 1803 2792 1848 eum
2820 1787 3089 1867 propter
3117 1783 3332 1864 scrip-

600 1892 764 1956 toris
811 1889 1061 1956 malam.
1096 1889 1293 1956 fidem
1338 1890 1503 1956 nihil
1544 1897 1824 1955 curaret.
1873 1889 2100 1973 Atque
2139 1890 2435 1973 profecto
2486 1891 2848 1955 cavendum
2894 1895 3012 1968 est,
3059 1909 3146 1954 ne
3185 1909 3330 1953 cre·

603 1996 901 2062 dulitatis
950 1996 1217 2062 crimine
1262 2003 1584 2062 notemur.
1634 1996 1878 2061 Nullus
1927 1998 2100 2062 enim
2146 1997 2316 2062 alius
2356 1997 2638 2080 scriptor
2664 1996 3025 2061 Pacuvium
3063 2016 3332 2060 comoe-

604 2103 750 2168 dias
790 2125 1049 2188 quoque
1087 2103 1428 2188 scripsisse
1466 2124 1586 2169 nos
1626 2106 1934 2168 certiores
1981 2103 2144 2168 facit
2180 2109 2246 2167 et
2285 2102 2672 2187 Fulgentius
2717 2121 2850 2167 non
2895 2101 3006 2166 ille
3056 2101 3330 2186 quidem

600 2210 973 2294 impudicus
1018 2210 1323 2276 falsarius
1371 2217 1491 2290 est,
1542 2231 1734 2294 quem
1781 2209 2098 2294 philologi
2153 2210 2307 2275 inde
2357 2232 2397 2274 a
2442 2208 2755 2274 Lerschio
2805 2207 3324 2286 arbitrabantur,

602 2316 721 2382 sed
765 2323 989 2382 tamen
1026 2317 1221 2382 verba
1268 2317 1567 2400 magistri
1610 2317 1678 2380 in
1726 2316 2074 2381 scribendo
2111 2337 2246 2382 non
2285 2323 2546 2380 secutus
2582 2314 2684 2380 vel
2718 2314 3050 2379 interdum
3086 2334 3327 2397 pamm

600 2423 987 2507 intellegens
1023 2423 1261 2488 multos
1300 2429 1365 2488 et
1400 2445 1629 2506 graves
1668 2444 1920 2488 errores
1960 2423 2285 2488 commisit
2299 2423 2340 2487 ³.
2397 2421 2649 2486 Locum
2694 2442 2827 2486 non
2873 2427 3118 2485 temere
3166 2441 3324 2485 con-

602 2530 827 2596 fictum
875 2552 1018 2596 esse
1065 2530 1281 2617 ipsum
1326 2552 1567 2596 nomen
1615 2530 1956 2614 Sceparni‚
2010 2552 2139 2614 quo
2189 2529 2656 2612 Sceparnionis
2705 2549 2746 2593 a
2781 2529 3024 2594 Plauto
3073 2527 3145 2592 in
3181 2527 3324 2591 Ru-

602 2638 796 2704 dente
834 2638 1195 2703 introducti
1233 2659 1738 2717 commonemur‚
1778 2636 1974 2702 fidem
2002 2637 2180 2703 facit.
2225 2637 2582 2701 Praeterea
2609 2634 2960 2718 explicatio
2992 2639 3130 2699 tam
3159 2639 3320 2718 apta

602 2752 721 2824 est,
766 2752 844 2810 ut
883 2744 1312 2829 'Fulgentium
1361 2745 1440 2809 dc
1490 2766 1609 2809 suo
1656 2745 1919 2827 ingenio
1969 2765 2115 2808 eam
2161 2742 2565 2827 praestitisse
2612 2763 2746 2806 non
2792 2741 2929 2806 veri
2966 2740 3176 2805 simile
3215 2740 3324 2804 sit.

603 2853 854 2920 Contra
898 2853 967 2917 in
1014 2850 1205 2917 titulo
1252 2853 1543 2930 minima,
1599 2849 1704 2915 vel
1758 2857 1829 2915 ut
1881 2851 2124 2916 rectius
2181 2851 2416 2930 dicam,
2471 2848 2654 2914 nulla
2709 2849 3072 2914 auctoritas
3127 2849 3322 2926 inest,

602 2983 751 3025 cum
796 2959 977 3024 haud
1020 2979 1173 3024 raro
1220 2959 1303 3024 ab
1352 2979 1427 3023 eo
1478 2957 1986 3036 confundantur,
2025 2956 2202 3022 velut
2236 2956 2514 3022 Poenuli
2551 2977 2807 3020 versum
2843 2955 3322 3032 MenaechmiS,

602 3065 1055 3132 Mostellariae
1110 3065 1415 3149 Epidico,
1471 3062 1786 3130 Pseudoli
1833 3063 2187 3129 Asinariae
2244 3063 2594 3146 adscripsit
2648 3061 2872 3145 (Helm
2917 3061 2960 3126 l.
3010 3061 3102 3146 1.).
3187 3059 3322 3126 Sed

602 3173 836 3239 titulus
882 3171 1185 3254 (fortasse
1230 3173 1577 3254 Σπεύὸων)
1625 3171 1900 3236 minoris
1946 3172 2260 3236 momenti
2309 3177 2435 3251 est;
2503 3190 2757 3234 summa
2804 3168 3210 3253 quaestionis
3253 3169 3322 3231 in

604 3302 680 3346 eo
731 3279 949 3363 posita
995 3285 1114 3359 est,
1178 3301 1337 3344 num
1382 3278 1654 3344 Pacuvii
1700 3278 1950 3342 nomini
1998 3277 2320 3343 confidere
2368 3277 2712 3360 possimus.
2803 3276 2909 3341 De
2957 3275 3084 3340 hac
3131 3295 3202 3340 re
3251 3281 3323 3338 ut

599 3387 918 3452 iudicium
981 3385 1294 3465 feramuS,
1362 3384 1640 3450 alterum
1706 3383 2145 3467 fragmentum
2207 3383 2276 3447 in
2341 3381 2694 3447 discrimen
2756 3402 3083 3461 vocemuS,
3144 3381 3324 3465 quod

603 3493 814 3559 eidem
845 3491 1180 3576 Fulgentii
1216 3490 1440 3557 libello
1481 3491 1754 3556 debetur
1792 3497 1858 3555 et
1897 3512 1938 3555 a
1965 3489 2327 3555 Ribbeckio
2365 3490 2525 3553 item
2563 3488 2874 3553 omissum
2912 3495 3013 3554 est
3043 3493 3136 3571 (p.
3173 3490 3320 3566 120,

601 3622 667 3665 n.
710 3601 847 3681 33):
907 3600 1069 3684 quid
1108 3599 1247 3664 sint
1289 3599 1661 3663 diovolareS.
1760 3599 2138 3663 Diobolares
2182 3597 2495 3662 dicuntur
2541 3596 2896 3660 iili-ssimae
2939 3595 3322 3676 meretrice-5,

602 3729 766 3792 quae
816 3707 943 3770 sub
990 3727 1199 3789 parvo
1252 3706 1573 3789 stipendio
1610 3711 1922 3788 prostant
1961 3756 1974 3770 .
2021 3755 2034 3769 .
2081 3755 2094 3770 .
2144 3725 2304 3768 nam
2358 3709 2420 3768 et
2461 3703 2793 3766 Pac-*uvius
2837 3702 3146 3766 similiter
3188 3702 3320 3766 ait.-

602 3814 755 3878 Non
800 3834 907 3897 eyo
952 3813 1051 3876 ita
1093 3811 1219 3896 fui,
1276 3817 1356 3875 ut
1406 3832 1589 3875 nunc
1639 3817 1802 3876 sunt
1843 3811 2201 3875 meretrices
2245 3809 2544 3891 diobolae,
2600 3829 2764 3892 quae
2818 3829 3013 3872 suam
3056 3807 3328 3871 nummi

602 3942 801 3984 eausa
834 3919 1037 4004 parvi
1070 3919 1377 4002 pendunt
1413 3919 1712 4002 qratiam.
1764 3914 1964 3999 Quod
2010 3917 2148 3980 sine
2199 3914 2398 3981 dubio
2447 3936 2526 3980 ex
2563 3913 2906 3980 comoedia
2944 3919 3324 3996 promptum

603 4031 723 4106 est,
768 4047 923 4090 nam
967 4025 1038 4088 in
1084 4023 1429 4107 tragoedia
1474 4022 1920 4088 meretricibus
1967 4021 2188 4087 nullus
2233 4021 2437 4086 locus.
2493 4020 2594 4086 At
2638 4020 2918 4087 fortasse
2965 4019 3320 4104 suppositi-

603 4133 775 4197 cium
823 4131 963 4197 est‘?
1010 4131 1305 4196 Minime.
1351 4131 1479 4210 En,
1526 4129 1773 4194 ultimis
1821 4127 2033 4194 verbis
2076 4129 2228 4193 inde
2269 4149 2310 4193 a
2345 4149 2538 4193 suam
2585 4127 2880 4192 senarius
2917 4124 3204 4191 efficitur
3241 4133 3324 4203 et,

602 4347 710 4400 nisi
748 4344 893 4398 forte
930 4344 1153 4399 divinae
1191 4345 1264 4398 sit
1301 4343 1535 4412 originis
1549 4341 1601 4410 ’),
1640 4343 1763 4410 etsi,
1802 4359 1942 4410 quae
1980 4341 2194 4395 tradita
2231 4345 2380 4410 sunt,
2417 4340 2830 4411 religiosissime
2859 4344 3171 4408 servantur,
3207 4357 3322 4394 non

604 4431 1065 4502 acquiescendum
1096 4431 1340 4486 videtur.
1388 4430 1615 4498 Melius,
1645 4431 1861 4500 opinor,
1889 4430 2165 4498 Lindsay:
2213 4429 2287 4496 0.,
2316 4447 2387 4497 α.,
2416 4448 2482 4484 ex
2499 4435 2714 4499 pectore
2738 4429 2882 4482 hanc
2908 4428 3116 4482 exvolve
3137 4446 3276 4496 rem,
3310 4434 3319 4498 Ι

602 4522 903 4577 eonsilium
937 4521 1111 4574 subito
1147 4537 1207 4574 re
1243 4520 1385 4589 quod
1420 4537 1448 4573 e
1482 4525 1619 4573 nala
1654 4525 1730 4573 est
1764 4520 1940 4575 modo·

821 4609 841 4644 ²
877 4608 945 4662 In
982 4607 1375 4678 ‘Expositione
1413 4625 1727 4663 sermonum
1768 4607 2152 4678 antiquorum’
2191 4625 2244 4676 p.
2277 4607 2380 4661 115
2417 4607 2680 4661 editionis
2715 4604 3052 4661 Helmianae
3090 4606 3252 4662 1898.

752 4717 759 4722 ·
820 4697 843 4734 ²
878 4697 1039 4767 Quod
1074 4697 1347 4766 Plasberg
1370 4700 1629 4752 correxit
1654 4699 1723 4751 'in
1760 4699 2030 4752 minutim
2063 4697 2433 4751 vindicassem
2467 4697 2558 4751 vel
2594 4695 2969 4752 amu-iamenu

822 4785 844 4820 ⁸
878 4785 1217 4838 Luculenter
1252 4785 1311 4838 id
1349 4787 1619 4854 exposuit·
1642 4783 1813 4839 Helm
1853 4788 1911 4840 in
1947 4785 2096 4840 Mus.
2135 4785 2316 4840 Rhen.
2354 4783 2494 4839 LIV
2531 4785 2712 4856 113l4.
