3567 5109
514 1454 747 1563 Haud
800 1497 993 1563 facile
1052 1498 1405 1582 quisquam
1453 1500 1800 1563 materiam
1849 1500 1936 1563 ad
1984 1498 2396 1565 Socraticum
2443 1522 2808 1565 sermonem
2857 1522 3032 1566 com-

302 1604 680 1687 ponendum
743 1611 883 1669 tam
951 1610 1206 1688 gratam
1274 1611 1539 1687 tamque
1604 1604 2005 1688 locupletem
2069 1606 2382 1685 inveniat,
2441 1606 2704 1689 qualem
2759 1608 3030 1690 praebet

300 1710 705 1790 Alcibiades,
740 1710 1131 1776 adulescens
1168 1711 1279 1775 ille
1319 1718 1387 1775 et
1424 1713 1691 1776 summis
1728 1712 2080 1777 virtutibus
2119 1720 2390 1777 ornatus
2429 1719 2496 1776 et
2531 1715 2830 1779 maximis
2861 1715 3033 1779 vitiis

304 1817 661 1901 praeditus,
710 1818 793 1881 In
831 1818 959 1883 hoc
1001 1819 1243 1901 optime
1285 1819 1723 1883 demonstrari
1762 1820 1997 1903 potuit,
2041 1819 2271 1903 quales
2307 1821 2482 1883 viros
2517 1842 2655 1883 rem
2695 1821 3030 1904 publicam

304 1946 644 2009 capessere
673 1924 869 1989 Plato
900 1924 1151 1989 vellet.¹
1196 1925 1373 1989 Nam
1405 1947 1553 1990 cum
1582 1926 2026 2009 pulcherrima
2057 1932 2312 1991 statura
2340 1934 2407 1990 et
2435 1926 2666 1991 habitu
2701 1930 3032 2011 corporis²

304 2032 657 2096 coniuncta
695 2038 841 2096 erat
884 2033 955 2096 in
1002 2053 1079 2096 eo
1129 2034 1379 2115 optima
1424 2032 1697 2096 indoles
1762 2031 2171 2111 Accedebat,
2222 2034 2400 2116 quod
2447 2034 2660 2099 eidem
2705 2036 3030 2099 maximae

304 2138 569 2203 divitiae
617 2139 980 2204 hereditate
1026 2139 1297 2203 relictae
1345 2144 1553 2204 erant.
1616 2140 1699 2204 In
1733 2139 1856 2203 tali
1897 2140 2316 2205 adulescente
2358 2140 2659 2205 omnibus
2697 2143 2798 2206 his
2835 2143 3032 2206 rebus

300 2246 581 2309 maxime
612 2246 787 2310 elato
819 2252 886 2309 et
914 2245 1240 2329 gloriante
1272 2246 1491 2310 videre
1520 2247 1758 2330 possm,
1793 2247 2026 2330 quanti
2053 2247 2357 2311 modesta
2378 2246 2672 2312 Socratis
2702 2249 3032 2332 sapientia

300 2352 389 2415 sit
424 2352 748 2417 facienda.
809 2352 976 2437 Quis
1021 2354 1223 2435 igitur
1270 2353 1540 2417 miretur
1588 2355 1974 2435 magistrum
2023 2375 2168 2419 cum
2216 2353 2344 2418 hoc
2392 2354 2714 2438 discipulo
2765 2378 2806 2419 a
2854 2377 3028 2419 com-

300 2457 599 2541 pluribus
644 2460 803 2523 viris
851 2460 1301 2543 disputantem
1339 2460 1683 2524 inductum
1720 2482 1882 2540 esse,
1923 2460 2100 2525 velut
2139 2461 2223 2524 ab
2261 2460 2594 2525 Aeschine
2635 2460 3031 2540 SocratiCO,³

299 2566 579 2631 Euclide
610 2567 1041 2650 Megarensi,⁴
1077 2567 1437 2632 Phaedone
1467 2567 1690 2645 Ele0‚⁵
1726 2566 2208 2631 Antistheness‘?
2267 2567 2419 2652 Qua
2454 2568 2526 2631 in
2563 2590 2632 2633 re
2674 2568 3030 2633 dolendum

300 2678 402 2736 est
444 2673 699 2738 nullum
746 2673 987 2738 librum
1026 2674 1113 2738 ad
1150 2674 1327 2738 hanc
1364 2674 1736 2757 pervenisse
1776 2681 2085 2753 aetatem,
2123 2695 2339 2758 neque
2377 2694 2604 2739 eorum
2643 2683 3032 2757 argumenta

298 2779 490 2844 nobis
510 2788 671 2845 not-a
692 2781 888 2847 esse.⁷
917 2781 1172 2845 Tamen
1204 2780 1333 2845 duo
1364 2782 1503 2845 eius
1533 2781 1711 2845 modi
1737 2780 1892 2845 libri
1921 2788 2290 2863 temporum
2309 2782 2617 2846 iniuriam
2638 2780 3025 2864 effugerunt,

516 2992 535 3028 1
572 2994 733 3047 Conf.
771 2994 875 3048 Rei
912 2994 1067 3063 publ.
1105 2995 1143 3046 l.
1169 2994 1291 3049 VII
1322 2995 1425 3048 536
1448 2995 1525 3046 A:
1567 2994 1727 3063 Ἡμῖν
1763 2994 1855 3063 δή,
1893 2992 1964 3063 ἦν
2001 2992 2058 3049 δ’
2089 2997 2234 3063 ἐγώ,
2271 2998 2472 3049 πάντα
2497 2998 2571 3049 τὰ
2597 3006 2838 3050 τοιαῦτα
2874 2994 3029 3049 διευ-

298 3084 619 3154 λαβητέον·
666 3086 715 3137 ὡ
718 3102 755 3153 ς
800 3086 911 3139 ἐὰν
952 3085 1069 3151 μὲν
1114 3085 1453 3153 ἀρτιμελεῖς
1496 3100 1565 3137 τε
1607 3086 1705 3137 καί
1749 3086 2120 3153 ἀρτίφρονας
2155 3086 2258 3138 ἐπὶ
2292 3086 2585 3153 τοσαύτην
2625 3087 2885 3153 μάθησιν
2930 3090 3034 3140 καί

298 3175 591 3241 τοσαύτην
634 3176 883 3241 ἄσκησιν
925 3176 1283 3242 κομίσαντες
1325 3170 1727 3240 παιδεύωμεν,
1764 3172 1800 3241 ἣ
1836 3191 1904 3227 τε
1940 3172 2068 3241 δίκη
2107 3174 2242 3241 ἡμῖν
2280 3178 2352 3227 οὐ
2381 3174 2684 3243 μέμψεται
2723 3174 2884 3243 αὐτή,
2919 3173 3030 3241 τὴν

298 3280 367 3317 τε
397 3262 582 3317 πόλιν
616 3264 714 3315 καὶ
748 3264 1059 3316 πολιτείαν
1094 3262 1395 3329 σώσομεν,
1430 3262 1717 3330 ἀλλοίους
1752 3260 1824 3315 δὲ
1861 3264 2120 3330 ἄγοντες
2155 3263 2258 3317 ἐπὶ
2293 3272 2476 3316 ταῦτα
2509 3264 2794 3317 τάναντία
2829 3265 3030 3315 πάντα

296 3352 393 3405 καί
426 3351 737 3419 πράξομεν
772 3352 869 3404 καί
905 3351 1276 3419 φιλοσοφίας
1311 3351 1399 3403 ἔτι
1431 3351 1627 3404 πλείω
1664 3351 1907 3419 γέλωτα
1943 3351 2446 3418 καταντλήσομεν.

513 3438 536 3473 ²
572 3439 673 3491 Cui
715 3439 791 3490 rei
833 3456 959 3490 cum
991 3438 1317 3491 Alcibiades
1356 3438 1615 3507 dialogus
1654 3439 1771 3506 ipse
1811 3440 1946 3491 satis
1985 3438 2324 3491 documento
2365 3444 2466 3507 est,
2505 3443 2626 3491 tum
2666 3441 2835 3491 etiam
2873 3438 3025 3491 Plut.

296 3528 484 3581 Alcib.
524 3546 570 3581 c.
614 3530 669 3582 1:
721 3528 865 3598 Περὶ
905 3529 1023 3595 μὲν
1068 3526 1177 3582 οὖν
1220 3538 1329 3582 τοῦ
1373 3529 1638 3596 κάλλους
1674 3526 2037 3598 Ἀλκιβιάδου
2073 3520 2254 3581 οὐδὲν
2292 3530 2440 3597 ἴσως
2477 3526 2574 3581 δεῖ
2603 3530 2830 3597 λέγειν,
2865 3528 3028 3595 πλὴν

296 3620 385 3671 ὅτι
429 3620 530 3671 καὶ
572 3615 759 3671 παῖδα
807 3618 904 3671 καὶ
948 3619 1259 3685 μειράκιον
1304 3619 1398 3669 καί
1436 3614 1628 3687 ἄνδρα
1663 3619 1828 3686 πάσῃ
1868 3618 2252 3685 συνανθῆσαν
2287 3624 2358 3686 τῇ
2397 3617 2588 3688 ἡλικίᾳ
2625 3620 2720 3671 καί
2757 3618 2886 3687 ὥρᾳ
2925 3627 3029 3670 τοῦ

296 3706 577 3775 σώματος
612 3708 897 3775 ἐράσμιον
934 3707 1031 3759 καὶ
1068 3704 1215 3774 ἡδὺν
1241 3706 1562 3774 παρέσχεν.
1608 3706 1687 3759 Οὐ
1723 3708 1861 3775 γάρ,
1897 3707 1988 3774 ὡς
2017 3704 2348 3774 Εὐριπίδης
2383 3706 2582 3774 ἔλεγε,
2619 3708 2868 3759 πάντων
2903 3712 3030 3758 τῶν

294 3796 501 3849 καλῶν
537 3797 633 3849 καί
668 3796 737 3848 τὸ
770 3796 1133 3863 μετόπωρον
1169 3795 1360 3848 καλὸν
1394 3796 1575 3863 ἐστιν,
1620 3795 1779 3848 ἀλλὰ
1823 3804 1998 3849 τοῦτο
2036 3792 2358 3864 Ἀλκιβιάδῃ
2391 3794 2524 3862 μετ’
2555 3796 2782 3862 ὀλίγων
2819 3796 3030 3847 ἄλλων

296 3884 373 3938 δι’
411 3886 663 3954 εὐφυΐαν
698 3886 796 3937 καὶ
833 3884 1053 3953 ἀρετὴν
1090 3884 1371 3951 σώματος
1406 3884 1649 3952 ὑπῆρξε.

512 3974 535 4007 ³
572 3972 775 4027 Suidas
815 3992 857 4025 s,
898 3992 947 4025 v.
987 3974 1282 4042 Αἰσχίνης.
1322 3973 1487 4041 Diog.
1526 3972 1591 4025 L.
1632 3973 1667 4025 l.
1707 3971 1769 4025 II
1811 3973 1895 4026 61.

509 4062 532 4096 ⁴
571 4061 773 4115 Suidas
813 4080 855 4113 s.
894 4080 944 4113 v.
986 4061 1341 4130 Εὐκλείδης.

510 4150 535 4185 ⁵
571 4150 774 4204 Suidas
814 4169 856 4203 s.
894 4170 947 4203 v.
993 4150 1247 4205 Φαίδων.
1286 4150 1397 4203 Sed
1436 4152 1547 4203 iam
1587 4152 1833 4218 antiquis
1870 4168 1982 4203 non
2013 4152 2148 4202 satis
2180 4150 2492 4217 constabat,
2530 4167 2665 4201 num
2703 4149 3020 4202 Phaedonis

296 4244 353 4293 ct
390 4240 646 4293 Euclidis
684 4240 895 4309 dialogi
937 4240 1165 4307 genuini
1206 4243 1417 4306 essent3
1458 4239 1603 4293 conf.
1644 4240 1810 4307 Diog.
1849 4238 1913 4291 L.
1954 4240 1990 4290 l.
2030 4239 2094 4291 Π
2131 4240 2216 4291 64.

512 4330 535 4365 ⁰
570 4328 659 4382 Ex
698 4330 857 4381 cuius
904 4330 1049 4382 libro
1088 4328 1425 4381 Plutarchus
1472 4346 1675 4381 nomen
1718 4329 1956 4381 nutricis
1996 4328 2406 4395 deprompsisse
2443 4328 2668 4380 videtur
2705 4327 2832 4380 Alc.
2873 4346 2918 4381 c.
2963 4331 3018 4381 1:

296 4417 659 4491 Ἀλκιβιάδου
694 4418 764 4472 δὲ
804 4421 899 4473 και·
934 4422 1155 4488 τίτθην,
1189 4419 1378 4487 γένος
1405 4418 1731 4487 Λάκαι-ναν,
1768 4418 2054 4486 Ἀμύκλαν
2090 4422 2300 4485 ὄνομα,
2337 4418 2432 4471 καὶ
2476 4418 2774 4487 Ζώπυρον
2809 4416 3020 4473 παιδα-

295 4508 505 4577 γωγὸν
549 4510 737 4577 ἴσμεν,
783 4507 873 4561 ὠν
916 4508 987 4561 τὸ
1027 4508 1145 4575 μὲν
1189 4508 1578 4576 Ἀντισθένης,
1623 4506 1695 4561 τὸ
1739 4506 1812 4560 δέ
1854 4508 2106 4560 Πλάτων
2150 4506 2300 4573 (Ale.
2341 4504 2372 4558 Ι
2409 4524 2461 4573 p.
2495 4505 2680 4571 122B)
2729 4507 3020 4575 ἱστόρηκε.

510 4596 533 4631 ⁷
568 4596 657 4648 Ex
684 4596 985 4648 Aeschinis
1015 4597 1187 4649 solius
1217 4596 1361 4648 libro
1392 4597 1663 4648 nonnulla
1690 4596 1853 4648 nobis
1884 4596 2129 4647 servavit
2160 4594 2442 4647 Aristides
2482 4596 2538 4645 in
2577 4596 2828 4647 oratione
2867 4597 3022 4665 ὑπὲρ

296 4694 419 4741 τῶν
452 4690 755 4756 τεττάρων
792 4686 961 4738 Dind.
1001 4689 1137 4739 tom.
1178 4685 1240 4738 II
1279 4704 1331 4753 p.
1362 4686 1467 4739 292
1507 4704 1547 4737 s.
1588 4690 1644 4737 et
1683 4686 1813 4751 3693
1873 4702 2010 4751 quos
2051 4685 2205 4737 locos
2243 4684 2440 4736 attulit
2481 4684 2726 4736 Cobetus
2764 4686 2824 4737 in
2863 4684 3019 4736 Muc-

296 4791 433 4828 mos.
470 4774 541 4827 N.
582 4774 637 4827 S.
677 4779 717 4826 t.
749 4773 813 4826 II
849 4792 901 4842 p.
934 4774 1055 4827 371.

402 4897 775 4941 nisset-tationes
804 4899 923 4951 phil.
945 4898 1149 4939 vindob.
1180 4900 1312 4942 vm.
2811 4880 2838 4932 1
