3567 5109
822 515 1080 577 Eadem
1125 516 1196 581 in
1247 516 1410 577 sede
1459 536 1591 576 -um
1639 524 1706 578 et
1754 536 1876 575 -em
1940 515 2248 598 syllabae
2314 516 2689 592 eliduntur,
2767 518 2957 596 quod
3027 517 3302 596 quidem

611 620 985 684 admodum
1033 636 1199 681 raro
1247 618 1346 681 fit.
1394 619 1554 683 Sola
1603 620 1787 683 enim
1834 622 2003 683 haec
2051 622 2331 701 repperi
2380 623 2731 703 exempla:

821 743 968 805 XXI,
1003 744 1130 791 436:
1173 742 1429 792 Christus
1467 743 1640 793 habet
1676 756 1860 805 neque
1896 747 2115 793 tantum
2155 744 2278 801 iate,
2317 758 2431 807 quo
2468 745 2768 807 sumpserit
2802 744 2986 795 istinc.

819 830 1026 893 XXIII,
1063 830 1190 879 253:
1227 830 1376 880 hunc
1413 830 1654 881 habeam
1691 830 1941 881 natalem
1978 831 2130 881 oculi
2165 832 2492 905 pariterque
2530 833 2829 883 celebrem.

819 918 1046 979 XXVII,
1086 920 1207 968 152:
1249 918 1446 968 binum
1486 919 1724 968 habeam
1765 919 2013 968 natalem
2053 919 2240 981 hodie,
2279 932 2393 981 quo
2432 932 2671 983 corpore
2705 920 2935 983 sumpti.

819 1006 1047 1064 XXVII,
1085 1008 1213 1057 590:
1250 1007 1516 1057 historias
1553 1012 1833 1057 castorum
1872 1019 2107 1069 operum
2148 1008 2409 1069 subrepit
2444 1009 2720 1059 honestas.

819 1095 1016 1157 XXXI,
1055 1096 1147 1144 93:
1187 1094 1402 1156 quippe
1439 1094 1526 1144 sui
1566 1106 1682 1143 rem
1724 1098 1943 1144 tantum
1984 1094 2173 1158 operis
2208 1095 2322 1144 sibi
2360 1096 2602 1145 reddere
2639 1109 2860 1146 curans.

819 1182 1017 1245 XXXI,
1065 1184 1184 1231 175:
1225 1194 1351 1231 ecce
1389 1182 1446 1232 in
1485 1195 1575 1231 me
1613 1186 1947 1232 cunctorum
1986 1182 2279 1233 hominum
2319 1183 2647 1234 discrimine
2683 1184 2860 1235 nullo.

819 1288 1141 1349 Ceterum
1189 1288 1273 1350 de
1319 1290 1442 1350 hac
1491 1306 1823 1351 versuum
1870 1286 2093 1350 forma
2142 1289 2339 1351 nobis
2406 1290 2889 1353 disserendum
2937 1290 3071 1352 erit
3117 1289 3189 1351 in
3238 1307 3307 1350 ea

611 1397 826 1471 parte,
875 1411 1011 1471 qua
1059 1392 1140 1455 de
1185 1411 1474 1456 caesura
1523 1400 1784 1473 agetur.

1427 1650 1486 1705 c.
1535 1634 1624 1702 ne
1671 1634 2065 1719 pentametri
2113 1632 2510 1705 elisionibus.

817 1814 1280 1874 Transeamus
1347 1812 1560 1887 igitur
1606 1812 1688 1874 ad
1752 1813 2249 1891 pentametri
2314 1813 2503 1891 leges
2550 1811 3019 1891 reperiendae.
3098 1810 3313 1873 Cuius

615 1935 804 1997 pars
881 1917 1115 1995 prior
1189 1916 1573 1978 hexametri
1650 1934 1935 1978 normas
2012 1917 2332 1996 sequitur
2408 1918 2521 1993 ita,
2596 1922 2675 1978 ut
2750 1917 2836 1980 ab
2885 1917 3024 1979 arsi
3089 1917 3317 1995 prima

613 2022 960 2101 quaelibet
1025 2026 1343 2083 arceatur
1409 2021 1851 2101 synaloephe,
1916 2022 2133 2083 thesis
2199 2028 2429 2084 autem
2494 2023 2741 2102 prima,
2809 2022 2865 2083 si
2935 2027 3037 2082 est
3093 2022 3322 2099 longa,

613 2133 681 2189 et
730 2127 906 2188 arsis
953 2126 1258 2189 secunda
1323 2124 1534 2187 etiam
1580 2126 1858 2189 elisioni
1903 2126 2154 2204 longae
2202 2128 2460 2190 vocalis
2526 2132 2823 2207 pateant.
2914 2126 3183 2189 Deinde
3250 2127 3318 2186 in

613 2232 792 2293 thesi
857 2231 1158 2294 secunda
1223 2249 1359 2294 uno
1428 2232 1585 2294 loco
1635 2230 1837 2312 (XXI,
1888 2238 2044 2293 305:
2110 2240 2179 2291 ut
2242 2252 2355 2292 nec
2419 2231 2487 2291 in
2555 2230 2691 2313 ipso
2766 2228 3009 2313 arbos-H)
3106 2232 3317 2308 longa

613 2337 877 2399 vocalis
927 2336 1381 2415 coniungitur
1417 2355 1570 2399 cum
1619 2337 1847 2415 longa,
1897 2337 2174 2399 duobus
2223 2338 2395 2399 locis
2446 2338 2550 2415 (X,
2602 2344 2712 2397 18:
2764 2344 2833 2395 nt
2861 2335 3086 2419 fecere
3134 2332 3322 2395 aliis.-

613 2441 848 2515 XXXI,
899 2448 966 2500 4:
1018 2447 1087 2501 ut
1131 2436 1312 2499 rudis
1357 2436 1461 2499 ille
1506 2440 1730 2523 anm’e)
1780 2442 2068 2504 eliditur
2113 2440 2165 2517 ἕ,
2213 2459 2353 2503 uno
2403 2442 2559 2503 1000
2627 2440 2895 2519 (XXXI,
2948 2448 3099 2501 176:
3148 2460 3323 2498 morse

611 2551 914 2627 superata
958 2541 1148 2623 abiit)
1196 2543 1240 2603 ἅ
1285 2552 1442 2607 ante
1489 2544 1534 2603 (ἵ
1576 2547 1823 2625 posita.

819 2650 900 2711 In
968 2651 1230 2712 altera
1295 2656 1526 2711 autem
1591 2657 1824 2730 parte
1901 2651 2357 2730 synaloephes
2436 2651 2681 2729 longae
2757 2650 3024 2711 vocalis
3102 2668 3321 2711 unum

611 2754 1136 2835 deprehendere
1212 2755 1410 2833 potui
1478 2756 1875 2835 exemplum
1955 2756 2222 2833 (XXXI,
2275 2763 2427 2817 376:
2496 2752 2717 2837 utanyo
2766 2750 2902 2832 fide
2966 2760 3025 2814 et
3089 2752 3323 2833 video).

613 2860 1050 2937 Syllabarum
1137 2876 1307 2921 vero
1373 2860 1755 2921 mediarum
1838 2867 1905 2921 et
1984 2860 2303 2922 brevium
2393 2860 2715 2922 elisiones
2798 2859 3329 2923 concluduntur

609 2966 680 3027 in
730 2965 956 3025 thesin
1024 2971 1345 3041 quartam
1414 2966 1813 3042 quintamve
1860 2971 1927 3026 et
1992 2965 2062 3025 in
2141 2966 2327 3026 arsin
2404 2967 2730 3043 quintam.
2821 2964 2971 3035 Qua
3034 2966 3106 3026 in
3180 2966 3328 3026 arsi

610 3088 748 3131 non
813 3069 1052 3149 plures
1101 3086 1310 3147 quam
1375 3069 1549 3131 duae
1624 3069 1883 3131 mediae
1934 3070 2200 3147 (XXXI,
2266 3074 2413 3145 384;
2494 3069 2645 3146 458)
2711 3076 2781 3130 et
2828 3069 2999 3131 duae
3062 3069 3329 3130 breves

616 3175 880 3251 (XXXI,
932 3179 1079 3250 1525
1130 3173 1282 3248 244)
1336 3173 1556 3234 vocali
1605 3175 2063 3253 excipiuntur.

817 3279 1062 3356 Itaque
1110 3280 1257 3339 sine
1305 3277 1594 3339 elisione
1641 3285 1914 3339 exstant
1960 3280 2227 3340 init-ium
2277 3284 2347 3338 et
2394 3277 2555 3338 finis
2603 3277 2808 3340 huius
2856 3277 3174 3357 partis1).

820 3384 962 3445 Iam
1010 3400 1180 3443 vero
1228 3382 1427 3443 vides
1476 3383 1767 3444 multum
1820 3401 1855 3443 a
1892 3383 2164 3444 Paulini
2193 3383 2470 3444 ratione
2501 3381 2796 3445 differre
2828 3382 2955 3443 has
2989 3382 3332 3444 elisiones

613 3490 783 3569 App.
828 3489 966 3549 III:

1200 3604 1252 3640 v.
1295 3594 1387 3640 10:
1429 3592 1536 3639 hoc
1571 3604 1796 3651 semper
1830 3592 2015 3639 maior
2038 3588 2191 3656 liquo
2226 3591 2343 3641 fide
2379 3606 2435 3640 es
2471 3593 2717 3643 uberior.
2774 3658 2783 3668 ·

1203 3692 1253 3725 v.
1297 3682 1419 3728 160:
1459 3681 1594 3727 assit
1631 3680 1972 3741 praecipuus
1997 3678 2015 3745 Η
2040 3682 2097 3728 in
2138 3684 2235 3729 tuo
2273 3692 2466 3728 amore
2504 3680 2721 3729 modus,

611 3786 744 3857 Qui
809 3784 1085 3861 longam
1153 3784 1460 3843 vocalem
1529 3784 1654 3845 hac
1718 3786 1789 3845 in
1856 3786 2019 3847 sede
2084 3803 2501 3847 concurrere
2566 3803 2719 3846 eum
2781 3784 2979 3845 brevi
3044 3786 3333 3845 veritus

612 3896 735 3965 est,
783 3889 843 3951 is
909 3888 1103 3950 nullo
1151 3894 1353 3967 pacto
1399 3889 1692 3950 verbum
1739 3889 2103 3951 iambicum
2154 3908 2307 3951 cum
2376 3890 2575 3951 brevi
2642 3888 2865 3950 vocali
2932 3888 3122 3949 coire
3174 3894 3332 3969 pati

612 3994 858 4073 potuit.

1443 4164 1498 4231 d.
1547 4164 1633 4230 De
1679 4164 2035 4235 iamborum
2083 4164 2479 4235 eiisionibue.

820 4341 1284 4403 Iambicorum
1351 4360 1800 4403 numerorum
1866 4345 1997 4404 iam
2065 4344 2124 4405 si
2174 4349 2563 4424 spectamus
2612 4342 2883 4403 initium
2950 4347 3017 4402 et
3084 4340 3337 4411 finem,

613 4446 1006 4509 severiores
1057 4446 1516 4524 synaloephes
1565 4447 1772 4523 legeS,
1842 4464 2012 4524 quas
2064 4449 2417 4519 Horatius
2485 4446 2842 4523 MartialiS‚
2909 4444 3023 4507 alii
3094 4449 3335 4507 secuti

613 4558 774 4613 sunt
842 4551 955 4628 (ef.
1026 4550 1348 4623 Mueller„
1416 4569 1477 4627 p.
1547 4551 1720 4630 351),
1790 4550 2157 4613 Paulinum
2220 4557 2739 4627 transgressum
2818 4567 2968 4611 esse
3034 4584 3119 4592 —
3190 4555 3337 4612 etsi

821 4727 858 4787 ¹)
896 4725 1012 4775 Nisi
1050 4724 1194 4773 torte
1234 4726 1446 4787 probas
1484 4726 1640 4773 illam
1696 4726 2077 4774 coniecturam
2136 4724 2353 4787 (XXXI,
2414 4728 2535 4774 124:
2596 4718 2754 4792 (iam)
2813 4720 3070 4785 ambulet),
3128 4737 3317 4785 quam

612 4825 784 4873 supra
823 4815 1408 4863 commemoravimus.
