<?xml version="1.0" encoding="UTF-8"?>
<!DOCTYPE html PUBLIC "-//W3C//DTD XHTML 1.0 Transitional//EN"
    "http://www.w3.org/TR/xhtml1/DTD/xhtml1-transitional.dtd">
<html xmlns="http://www.w3.org/1999/xhtml" xml:lang="en" lang="en">
 <head>
  <title>
</title>
<meta http-equiv="Content-Type" content="text/html;charset=utf-8" />
  <meta name='ocr-system' content='tesseract 3.04.00' />
  <meta name='ocr-capabilities' content='ocr_page ocr_carea ocr_par ocr_line ocrx_word'/>
</head>
<body>
  <div class='ocr_page' id='page_1' title='image "./dissertationesp09wiengoog_0060.png"; bbox 0 0 3567 5109; ppageno 0'>
   <div class='ocr_carea' id='block_1_1' title="bbox 1701 282 2129 343">
    <p class='ocr_par' dir='ltr' id='par_1_1' title="bbox 1701 282 2129 343">
     <span class='ocr_line' id='line_1_1' title="bbox 1701 282 2129 343; baseline 0 -16"><span class='ocrx_word' id='word_1_1' title='bbox 1701 282 2129 343; x_wconf 74' lang='lat'>..52-</span> 
     </span>
    </p>
   </div>
   <div class='ocr_carea' id='block_1_2' title="bbox 565 473 3281 2754">
    <p class='ocr_par' dir='ltr' id='par_1_2' title="bbox 565 473 3281 2546">
     <span class='ocr_line' id='line_1_2' title="bbox 571 473 3281 555; baseline -0.001 -16"><span class='ocrx_word' id='word_1_2' title='bbox 571 484 780 541; x_wconf 87' lang='lat' dir='ltr'><strong>tatem</strong></span> <span class='ocrx_word' id='word_1_3' title='bbox 830 478 1516 555; x_wconf 84' lang='lat' dir='ltr'><strong>congruentiamque.</strong></span> <span class='ocrx_word' id='word_1_4' title='bbox 1549 474 1906 537; x_wconf 89' lang='lat' dir='ltr'><strong>-Omnibus</strong></span> <span class='ocrx_word' id='word_1_5' title='bbox 1952 475 2133 537; x_wconf 89' lang='lat' dir='ltr'><strong>enim</strong></span> <span class='ocrx_word' id='word_1_6' title='bbox 2183 475 2355 537; x_wconf 91' lang='lat' dir='ltr'><strong>locis</strong></span> <span class='ocrx_word' id='word_1_7' title='bbox 2402 473 2674 553; x_wconf 82' lang='lat' dir='ltr'><strong>dactylo</strong></span> <span class='ocrx_word' id='word_1_8' title='bbox 2723 476 2951 553; x_wconf 90' lang='lat' dir='ltr'><strong>primo</strong></span> <span class='ocrx_word' id='word_1_9' title='bbox 2985 476 3281 537; x_wconf 84' lang='lat' dir='ltr'><strong>verbum</strong></span> 
     </span>
     <span class='ocr_line' id='line_1_3' title="bbox 570 578 3278 661; baseline -0.001 -18"><span class='ocrx_word' id='word_1_10' title='bbox 570 582 834 657; x_wconf 88' lang='lat' dir='ltr'><strong>finitur,</strong></span> <span class='ocrx_word' id='word_1_11' title='bbox 899 584 970 643; x_wconf 87' lang='lat' dir='ltr'><strong>in</strong></span> <span class='ocrx_word' id='word_1_12' title='bbox 1028 581 1346 661; x_wconf 84' lang='lat' dir='ltr'><strong>plurimis</strong></span> <span class='ocrx_word' id='word_1_13' title='bbox 1395 579 1714 643; x_wconf 84' lang='lat' dir='ltr'><strong>versibus</strong></span> <span class='ocrx_word' id='word_1_14' title='bbox 1761 598 1975 641; x_wconf 90' lang='lat' dir='ltr'><strong>unum</strong></span> <span class='ocrx_word' id='word_1_15' title='bbox 2024 579 2315 642; x_wconf 86' lang='lat' dir='ltr'><strong>verbum</strong></span> <span class='ocrx_word' id='word_1_16' title='bbox 2383 578 2631 658; x_wconf 89' lang='lat' dir='ltr'><strong>pedem</strong></span> <span class='ocrx_word' id='word_1_17' title='bbox 2677 580 2979 658; x_wconf 88' lang='lat' dir='ltr'><strong>primum</strong></span> <span class='ocrx_word' id='word_1_18' title='bbox 3028 580 3278 659; x_wconf 80' lang='lat' dir='ltr'>explet.</span> 
     </span>
     <span class='ocr_line' id='line_1_4' title="bbox 571 680 3276 763; baseline -0.002 -13"><span class='ocrx_word' id='word_1_19' title='bbox 571 686 872 751; x_wconf 83' lang='lat' dir='ltr'><strong>Eandem</strong></span> <span class='ocrx_word' id='word_1_20' title='bbox 938 703 1085 748; x_wconf 90' lang='lat' dir='ltr'><strong>rem</strong></span> <span class='ocrx_word' id='word_1_21' title='bbox 1151 686 1220 747; x_wconf 90' lang='lat' dir='ltr'><strong>in</strong></span> <span class='ocrx_word' id='word_1_22' title='bbox 1265 685 1606 759; x_wconf 88' lang='lat' dir='ltr'><strong>versibus,</strong></span> <span class='ocrx_word' id='word_1_23' title='bbox 1655 700 1833 763; x_wconf 89' lang='lat' dir='ltr'><strong>quos</strong></span> <span class='ocrx_word' id='word_1_24' title='bbox 1880 682 2148 746; x_wconf 88' lang='lat' dir='ltr'><strong>Walser</strong></span> <span class='ocrx_word' id='word_1_25' title='bbox 2194 701 2259 762; x_wconf 88' lang='lat' dir='ltr'><strong>p.</strong></span> <span class='ocrx_word' id='word_1_26' title='bbox 2311 691 2343 744; x_wconf 82' lang='lat'><em>9</em></span> <span class='ocrx_word' id='word_1_27' title='bbox 2394 681 2639 758; x_wconf 86' lang='lat' dir='ltr'><strong>adfert,</strong></span> <span class='ocrx_word' id='word_1_28' title='bbox 2708 680 2851 744; x_wconf 78' lang='lat'><strong>28¹⁰·</strong></span> <span class='ocrx_word' id='word_1_29' title='bbox 2901 684 3276 747; x_wconf 87' lang='lat' dir='ltr'><strong>observare</strong></span> 
     </span>
     <span class='ocr_line' id='line_1_5' title="bbox 571 786 3277 869; baseline -0.001 -17"><span class='ocrx_word' id='word_1_30' title='bbox 571 791 811 869; x_wconf 84' lang='lat' dir='ltr'><strong>licet1).</strong></span> <span class='ocrx_word' id='word_1_31' title='bbox 858 791 1066 868; x_wconf 85' lang='lat' dir='ltr'><strong>Atqui</strong></span> <span class='ocrx_word' id='word_1_32' title='bbox 1115 807 1266 851; x_wconf 89' lang='lat' dir='ltr'><strong>cum</strong></span> <span class='ocrx_word' id='word_1_33' title='bbox 1318 788 1502 869; x_wconf 86' lang='lat' dir='ltr'><strong>apud</strong></span> <span class='ocrx_word' id='word_1_34' title='bbox 1536 790 1776 869; x_wconf 70' lang='lat' dir='ltr'><strong>poetas</strong></span> <span class='ocrx_word' id='word_1_35' title='bbox 1810 794 2080 851; x_wconf 87' lang='lat' dir='ltr'><strong>veteres</strong></span> <span class='ocrx_word' id='word_1_36' title='bbox 2131 788 2290 850; x_wconf 87' lang='lat' dir='ltr'><strong>‘non</strong></span> <span class='ocrx_word' id='word_1_37' title='bbox 2338 804 2627 867; x_wconf 89' lang='lat' dir='ltr'><strong>prorsus</strong></span> <span class='ocrx_word' id='word_1_38' title='bbox 2676 786 2885 850; x_wconf 80' lang='lat' dir='ltr'><strong>fuerit</strong></span> <span class='ocrx_word' id='word_1_39' title='bbox 2931 788 3277 852; x_wconf 89' lang='lat' dir='ltr'><strong>laudatum</strong></span> 
     </span>
     <span class='ocr_line' id='line_1_6' title="bbox 571 892 3277 975; baseline -0.002 -17"><span class='ocrx_word' id='word_1_40' title='bbox 571 894 814 975; x_wconf 88' lang='lat' dir='ltr'><strong>pedem</strong></span> <span class='ocrx_word' id='word_1_41' title='bbox 873 896 1172 975; x_wconf 90' lang='lat' dir='ltr'><strong>primum</strong></span> <span class='ocrx_word' id='word_1_42' title='bbox 1222 893 1554 973; x_wconf 85' lang='lat' dir='ltr'><strong>dactylica</strong></span> <span class='ocrx_word' id='word_1_43' title='bbox 1593 899 1909 957; x_wconf 81' lang='lat' dir='ltr'><strong>constare</strong></span> <span class='ocrx_word' id='word_1_44' title='bbox 1944 895 2137 955; x_wconf 87' lang='lat' dir='ltr'><strong>voce‘</strong></span> <span class='ocrx_word' id='word_1_45' title='bbox 2172 894 2507 971; x_wconf 84' lang='lat' dir='ltr'><strong>(Mueller,</strong></span> <span class='ocrx_word' id='word_1_46' title='bbox 2541 912 2603 973; x_wconf 87' lang='lat' dir='ltr'><strong>p.</strong></span> <span class='ocrx_word' id='word_1_47' title='bbox 2638 892 2812 971; x_wconf 82' lang='lat'><strong>240),</strong></span> <span class='ocrx_word' id='word_1_48' title='bbox 2845 892 2974 955; x_wconf 86' lang='lat' dir='ltr'><strong>hoc</strong></span> <span class='ocrx_word' id='word_1_49' title='bbox 3007 893 3277 971; x_wconf 85' lang='lat' dir='ltr'><strong>neglegi</strong></span> 
     </span>
     <span class='ocr_line' id='line_1_7' title="bbox 571 998 3273 1079; baseline -0 -18"><span class='ocrx_word' id='word_1_50' title='bbox 571 1020 706 1064; x_wconf 91' lang='lat' dir='ltr'><strong>non</strong></span> <span class='ocrx_word' id='word_1_51' title='bbox 732 1001 953 1064; x_wconf 88' lang='lat' dir='ltr'><strong>debet.</strong></span> <span class='ocrx_word' id='word_1_52' title='bbox 985 998 1283 1079; x_wconf 80' lang='lat' dir='ltr'><strong>Accedit,</strong></span> <span class='ocrx_word' id='word_1_53' title='bbox 1306 999 1493 1079; x_wconf 90' lang='lat' dir='ltr'><strong>quod</strong></span> <span class='ocrx_word' id='word_1_54' title='bbox 1518 1017 1850 1079; x_wconf 84' lang='lat' dir='ltr'><strong>persaepe</strong></span> <span class='ocrx_word' id='word_1_55' title='bbox 1886 1005 2005 1061; x_wconf 86' lang='lat' dir='ltr'><strong>aut</strong></span> <span class='ocrx_word' id='word_1_56' title='bbox 2026 1016 2178 1061; x_wconf 90' lang='lat' dir='ltr'><strong>cum</strong></span> <span class='ocrx_word' id='word_1_57' title='bbox 2212 1000 2342 1061; x_wconf 90' lang='lat' dir='ltr'><strong>hoc</strong></span> <span class='ocrx_word' id='word_1_58' title='bbox 2364 1001 2557 1063; x_wconf 84' lang='lat' dir='ltr'><strong>vocis</strong></span> <span class='ocrx_word' id='word_1_59' title='bbox 2588 998 2731 1063; x_wconf 84' lang='lat' dir='ltr'><strong>fine</strong></span> <span class='ocrx_word' id='word_1_60' title='bbox 2753 1000 3106 1061; x_wconf 87' lang='lat' dir='ltr'><strong>concurrit</strong></span> <span class='ocrx_word' id='word_1_61' title='bbox 3126 1016 3273 1060; x_wconf 90' lang='lat' dir='ltr'><strong>sen-</strong></span> 
     </span>
     <span class='ocr_line' id='line_1_8' title="bbox 571 1102 3271 1183; baseline -0.001 -16"><span class='ocrx_word' id='word_1_62' title='bbox 571 1107 820 1169; x_wconf 88' lang='lat' dir='ltr'><strong>tentiae</strong></span> <span class='ocrx_word' id='word_1_63' title='bbox 869 1106 1290 1167; x_wconf 86' lang='lat' dir='ltr'><strong>intermissio</strong></span> <span class='ocrx_word' id='word_1_64' title='bbox 1339 1110 1455 1166; x_wconf 89' lang='lat' dir='ltr'><strong>aut</strong></span> <span class='ocrx_word' id='word_1_65' title='bbox 1504 1106 1791 1167; x_wconf 86' lang='lat' dir='ltr'><strong>verbum</strong></span> <span class='ocrx_word' id='word_1_66' title='bbox 1842 1104 2255 1183; x_wconf 89' lang='lat' dir='ltr'><strong>dactylicum</strong></span> <span class='ocrx_word' id='word_1_67' title='bbox 2322 1106 2665 1166; x_wconf 84' lang='lat' dir='ltr'><strong>artissime</strong></span> <span class='ocrx_word' id='word_1_68' title='bbox 2733 1102 3054 1166; x_wconf 84' lang='lat' dir='ltr'><strong>cohaeret</strong></span> <span class='ocrx_word' id='word_1_69' title='bbox 3118 1120 3271 1165; x_wconf 91' lang='lat' dir='ltr'><strong>cum</strong></span> 
     </span>
     <span class='ocr_line' id='line_1_9' title="bbox 567 1206 3275 1290; baseline -0.001 -19"><span class='ocrx_word' id='word_1_70' title='bbox 567 1228 734 1272; x_wconf 90' lang='lat' dir='ltr'><strong>voce</strong></span> <span class='ocrx_word' id='word_1_71' title='bbox 784 1209 1271 1290; x_wconf 79' lang='lat' dir='ltr'><strong>praecedente3</strong></span> <span class='ocrx_word' id='word_1_72' title='bbox 1324 1226 1476 1271; x_wconf 89' lang='lat' dir='ltr'><strong>nam</strong></span> <span class='ocrx_word' id='word_1_73' title='bbox 1527 1211 1594 1271; x_wconf 90' lang='lat' dir='ltr'><strong>in</strong></span> <span class='ocrx_word' id='word_1_74' title='bbox 1631 1208 1900 1272; x_wconf 85' lang='lat' dir='ltr'><strong>Paulini</strong></span> <span class='ocrx_word' id='word_1_75' title='bbox 1943 1210 2181 1271; x_wconf 86' lang='lat' dir='ltr'><strong>saltem</strong></span> <span class='ocrx_word' id='word_1_76' title='bbox 2217 1208 2635 1271; x_wconf 87' lang='lat' dir='ltr'><strong>carminibus</strong></span> <span class='ocrx_word' id='word_1_77' title='bbox 2682 1208 2815 1270; x_wconf 89' lang='lat' dir='ltr'><strong>hoc</strong></span> <span class='ocrx_word' id='word_1_78' title='bbox 2846 1208 3011 1269; x_wconf 90' lang='lat' dir='ltr'><strong>mihi</strong></span> <span class='ocrx_word' id='word_1_79' title='bbox 3045 1206 3275 1269; x_wconf 86' lang='lat' dir='ltr'><strong>obser-</strong></span> 
     </span>
     <span class='ocr_line' id='line_1_10' title="bbox 565 1311 3273 1393; baseline -0.001 -18"><span class='ocrx_word' id='word_1_80' title='bbox 565 1332 761 1377; x_wconf 86' lang='lat' dir='ltr'><strong>vasse</strong></span> <span class='ocrx_word' id='word_1_81' title='bbox 810 1314 1083 1377; x_wconf 84' lang='lat' dir='ltr'><strong>videor:</strong></span> <span class='ocrx_word' id='word_1_82' title='bbox 1143 1316 1291 1376; x_wconf 90' lang='lat' dir='ltr'><strong>eius</strong></span> <span class='ocrx_word' id='word_1_83' title='bbox 1340 1332 1618 1377; x_wconf 88' lang='lat' dir='ltr'><strong>versum</strong></span> <span class='ocrx_word' id='word_1_84' title='bbox 1666 1314 2021 1377; x_wconf 88' lang='lat' dir='ltr'><strong>heroicum</strong></span> <span class='ocrx_word' id='word_1_85' title='bbox 2068 1330 2228 1376; x_wconf 89' lang='lat' dir='ltr'><strong>raro</strong></span> <span class='ocrx_word' id='word_1_86' title='bbox 2276 1314 2580 1393; x_wconf 86' lang='lat' dir='ltr'><strong>incipere</strong></span> <span class='ocrx_word' id='word_1_87' title='bbox 2628 1330 2665 1375; x_wconf 94' lang='lat' dir='ltr'><strong>a</strong></span> <span class='ocrx_word' id='word_1_88' title='bbox 2704 1330 2876 1375; x_wconf 85' lang='lat' dir='ltr'><strong>voce</strong></span> <span class='ocrx_word' id='word_1_89' title='bbox 2926 1311 3273 1391; x_wconf 87' lang='lat' dir='ltr'><strong>dactylica,</strong></span> 
     </span>
     <span class='ocr_line' id='line_1_11' title="bbox 572 1419 3275 1482; baseline -0.001 -1"><span class='ocrx_word' id='word_1_90' title='bbox 572 1422 764 1482; x_wconf 88' lang='lat' dir='ltr'><strong>cuius</strong></span> <span class='ocrx_word' id='word_1_91' title='bbox 827 1421 1166 1482; x_wconf 84' lang='lat' dir='ltr'><strong>sententia</strong></span> <span class='ocrx_word' id='word_1_92' title='bbox 1240 1436 1379 1481; x_wconf 89' lang='lat' dir='ltr'><strong>non</strong></span> <span class='ocrx_word' id='word_1_93' title='bbox 1475 1425 1624 1481; x_wconf 87' lang='lat' dir='ltr'><strong>arto</strong></span> <span class='ocrx_word' id='word_1_94' title='bbox 1701 1419 1980 1481; x_wconf 85' lang='lat' dir='ltr'><strong>vinculo</strong></span> <span class='ocrx_word' id='word_1_95' title='bbox 2056 1436 2321 1481; x_wconf 85' lang='lat' dir='ltr'><strong>conexa</strong></span> <span class='ocrx_word' id='word_1_96' title='bbox 2405 1420 2494 1481; x_wconf 85' lang='lat' dir='ltr'><strong>sit</strong></span> <span class='ocrx_word' id='word_1_97' title='bbox 2577 1434 2733 1480; x_wconf 90' lang='lat' dir='ltr'><strong>cum</strong></span> <span class='ocrx_word' id='word_1_98' title='bbox 2810 1432 3016 1479; x_wconf 84' lang='lat' dir='ltr'><strong>versu</strong></span> <span class='ocrx_word' id='word_1_99' title='bbox 3094 1422 3275 1480; x_wconf 89' lang='lat' dir='ltr'><strong>ante·</strong></span> 
     </span>
     <span class='ocr_line' id='line_1_12' title="bbox 572 1520 3278 1602; baseline -0.002 -16"><span class='ocrx_word' id='word_1_100' title='bbox 572 1523 872 1587; x_wconf 83' lang='lat' dir='ltr'><strong>cedente.</strong></span> <span class='ocrx_word' id='word_1_101' title='bbox 906 1525 1114 1602; x_wconf 88' lang='lat' dir='ltr'><strong>Atqui</strong></span> <span class='ocrx_word' id='word_1_102' title='bbox 1147 1541 1301 1585; x_wconf 91' lang='lat' dir='ltr'><strong>cum</strong></span> <span class='ocrx_word' id='word_1_103' title='bbox 1334 1525 1404 1585; x_wconf 91' lang='lat' dir='ltr'><strong>in</strong></span> <span class='ocrx_word' id='word_1_104' title='bbox 1437 1525 1715 1586; x_wconf 88' lang='lat' dir='ltr'><strong>ineunte</strong></span> <span class='ocrx_word' id='word_1_105' title='bbox 1736 1540 1945 1586; x_wconf 86' lang='lat' dir='ltr'><strong>versu</strong></span> <span class='ocrx_word' id='word_1_106' title='bbox 1978 1525 2153 1585; x_wconf 87' lang='lat' dir='ltr'><strong>ictus</strong></span> <span class='ocrx_word' id='word_1_107' title='bbox 2186 1524 2454 1585; x_wconf 87' lang='lat' dir='ltr'><strong>metrici</strong></span> <span class='ocrx_word' id='word_1_108' title='bbox 2488 1529 2557 1584; x_wconf 88' lang='lat' dir='ltr'><strong>et</strong></span> <span class='ocrx_word' id='word_1_109' title='bbox 2585 1527 2907 1584; x_wconf 86' lang='lat' dir='ltr'><strong>accentus</strong></span> <span class='ocrx_word' id='word_1_110' title='bbox 2938 1520 3278 1600; x_wconf 88' lang='lat' dir='ltr'><strong>pedestris</strong></span> 
     </span>
     <span class='ocr_line' id='line_1_13' title="bbox 573 1626 3279 1708; baseline -0.002 -17"><span class='ocrx_word' id='word_1_111' title='bbox 573 1629 1034 1708; x_wconf 87' lang='lat' dir='ltr'><strong>discrepantia</strong></span> <span class='ocrx_word' id='word_1_112' title='bbox 1078 1630 1373 1691; x_wconf 83' lang='lat' dir='ltr'><strong>maxime</strong></span> <span class='ocrx_word' id='word_1_113' title='bbox 1419 1628 1771 1707; x_wconf 81' lang='lat' dir='ltr'><strong>placuerit,</strong></span> <span class='ocrx_word' id='word_1_114' title='bbox 1838 1626 2270 1707; x_wconf 86' lang='lat' dir='ltr'><strong>displicuerit</strong></span> <span class='ocrx_word' id='word_1_115' title='bbox 2334 1644 2503 1689; x_wconf 88' lang='lat' dir='ltr'><strong>vero</strong></span> <span class='ocrx_word' id='word_1_116' title='bbox 2569 1628 2637 1687; x_wconf 89' lang='lat' dir='ltr'><strong>in</strong></span> <span class='ocrx_word' id='word_1_117' title='bbox 2704 1632 2996 1688; x_wconf 82' lang='lat' dir='ltr'><strong>exeunte</strong></span> <span class='ocrx_word' id='word_1_118' title='bbox 3072 1642 3279 1687; x_wconf 84' lang='lat' dir='ltr'><strong>versu</strong></span> 
     </span>
     <span class='ocr_line' id='line_1_14' title="bbox 573 1728 3279 1815; baseline 0 -19"><span class='ocrx_word' id='word_1_119' title='bbox 573 1734 900 1812; x_wconf 84' lang='lat' dir='ltr'><strong>(Mueller,</strong></span> <span class='ocrx_word' id='word_1_120' title='bbox 946 1750 1010 1813; x_wconf 90' lang='lat' dir='ltr'><strong>p.</strong></span> <span class='ocrx_word' id='word_1_121' title='bbox 1059 1728 1230 1815; x_wconf 81' lang='lat'><strong>234),</strong></span> <span class='ocrx_word' id='word_1_122' title='bbox 1292 1733 1408 1794; x_wconf 90' lang='lat' dir='ltr'><strong>illa</strong></span> <span class='ocrx_word' id='word_1_123' title='bbox 1469 1750 1545 1794; x_wconf 91' lang='lat' dir='ltr'><strong>re</strong></span> <span class='ocrx_word' id='word_1_124' title='bbox 1593 1734 1784 1795; x_wconf 90' lang='lat' dir='ltr'><strong>innui</strong></span> <span class='ocrx_word' id='word_1_125' title='bbox 1842 1732 2146 1793; x_wconf 91' lang='lat' dir='ltr'><strong>arbitror</strong></span> <span class='ocrx_word' id='word_1_126' title='bbox 2192 1731 2533 1811; x_wconf 80' lang='lat' dir='ltr'><strong>dactylum</strong></span> <span class='ocrx_word' id='word_1_127' title='bbox 2580 1732 2880 1811; x_wconf 89' lang='lat' dir='ltr'><strong>primum</strong></span> <span class='ocrx_word' id='word_1_128' title='bbox 2925 1730 3153 1809; x_wconf 90' lang='lat' dir='ltr'><strong>aliqua</strong></span> <span class='ocrx_word' id='word_1_129' title='bbox 3198 1746 3279 1797; x_wconf 80' lang='lat' dir='ltr'><strong>ex.</strong></span> 
     </span>
     <span class='ocr_line' id='line_1_15' title="bbox 573 1832 3278 1917; baseline -0.002 -18"><span class='ocrx_word' id='word_1_130' title='bbox 573 1844 767 1917; x_wconf 87' lang='lat' dir='ltr'><strong>parte</strong></span> <span class='ocrx_word' id='word_1_131' title='bbox 833 1841 1145 1917; x_wconf 84' lang='lat' dir='ltr'><strong>spectare</strong></span> <span class='ocrx_word' id='word_1_132' title='bbox 1209 1834 1295 1897; x_wconf 90' lang='lat' dir='ltr'><strong>ad</strong></span> <span class='ocrx_word' id='word_1_133' title='bbox 1361 1853 1638 1898; x_wconf 84' lang='lat' dir='ltr'><strong>versum</strong></span> <span class='ocrx_word' id='word_1_134' title='bbox 1705 1836 2233 1915; x_wconf 89' lang='lat' dir='ltr'><strong>praecedentem</strong></span> <span class='ocrx_word' id='word_1_135' title='bbox 2303 1834 2568 1913; x_wconf 90' lang='lat' dir='ltr'><strong>hocque</strong></span> <span class='ocrx_word' id='word_1_136' title='bbox 2625 1833 2837 1897; x_wconf 89' lang='lat' dir='ltr'><strong>modo</strong></span> <span class='ocrx_word' id='word_1_137' title='bbox 2902 1832 3111 1911; x_wconf 79' lang='lat' dir='ltr'><strong>effici,</strong></span> <span class='ocrx_word' id='word_1_138' title='bbox 3177 1833 3278 1895; x_wconf 81' lang='lat' dir='ltr'><strong>‘ne</strong></span> 
     </span>
     <span class='ocr_line' id='line_1_16' title="bbox 575 1937 3277 2019; baseline -0.001 -17"><span class='ocrx_word' id='word_1_139' title='bbox 575 1942 916 2003; x_wconf 89' lang='lat' dir='ltr'><strong>divisione</strong></span> <span class='ocrx_word' id='word_1_140' title='bbox 984 1940 1132 2003; x_wconf 90' lang='lat' dir='ltr'><strong>sola</strong></span> <span class='ocrx_word' id='word_1_141' title='bbox 1199 1942 1588 2019; x_wconf 85' lang='lat' dir='ltr'><strong>septenaria</strong></span> <span class='ocrx_word' id='word_1_142' title='bbox 1655 1942 1857 2002; x_wconf 89' lang='lat' dir='ltr'><strong>nimis</strong></span> <span class='ocrx_word' id='word_1_143' title='bbox 1922 1942 2221 2019; x_wconf 88' lang='lat' dir='ltr'><strong>impares</strong></span> <span class='ocrx_word' id='word_1_144' title='bbox 2285 1945 2519 2019; x_wconf 90' lang='lat' dir='ltr'><strong>partes</strong></span> <span class='ocrx_word' id='word_1_145' title='bbox 2566 1937 2944 2001; x_wconf 87' lang='lat' dir='ltr'><strong>reddantur</strong></span> <span class='ocrx_word' id='word_1_146' title='bbox 3014 1939 3277 2000; x_wconf 78' lang='lat' dir='ltr'><strong>versus&#39;</strong></span> 
     </span>
     <span class='ocr_line' id='line_1_17' title="bbox 575 2044 3274 2125; baseline -0.001 -18"><span class='ocrx_word' id='word_1_147' title='bbox 575 2044 687 2124; x_wconf 84' lang='lat' dir='ltr'><strong>(cf.</strong></span> <span class='ocrx_word' id='word_1_148' title='bbox 735 2046 1056 2121; x_wconf 68' lang='lat' dir='ltr'><strong>Mueller„</strong></span> <span class='ocrx_word' id='word_1_149' title='bbox 1104 2062 1168 2125; x_wconf 91' lang='lat' dir='ltr'><strong>p.</strong></span> <span class='ocrx_word' id='word_1_150' title='bbox 1215 2046 1392 2122; x_wconf 80' lang='lat'><strong>203).</strong></span> <span class='ocrx_word' id='word_1_151' title='bbox 1455 2044 1680 2117; x_wconf 87' lang='lat' dir='ltr'><strong>Quare</strong></span> <span class='ocrx_word' id='word_1_152' title='bbox 1728 2046 1800 2107; x_wconf 88' lang='lat' dir='ltr'><strong>in</strong></span> <span class='ocrx_word' id='word_1_153' title='bbox 1848 2044 1984 2105; x_wconf 86' lang='lat' dir='ltr'><strong>illis</strong></span> <span class='ocrx_word' id='word_1_154' title='bbox 2033 2044 2353 2107; x_wconf 84' lang='lat' dir='ltr'><strong>versibus</strong></span> <span class='ocrx_word' id='word_1_155' title='bbox 2400 2044 2616 2106; x_wconf 90' lang='lat' dir='ltr'><strong>solam</strong></span> <span class='ocrx_word' id='word_1_156' title='bbox 2666 2059 3019 2105; x_wconf 88' lang='lat' dir='ltr'><strong>caesuram</strong></span> <span class='ocrx_word' id='word_1_157' title='bbox 3078 2044 3274 2105; x_wconf 86' lang='lat' dir='ltr'><strong>semi-</strong></span> 
     </span>
     <span class='ocr_line' id='line_1_18' title="bbox 575 2145 3273 2229; baseline -0.001 -18"><span class='ocrx_word' id='word_1_158' title='bbox 575 2151 1029 2229; x_wconf 87' lang='lat' dir='ltr'><strong>septenariam</strong></span> <span class='ocrx_word' id='word_1_159' title='bbox 1095 2166 1246 2212; x_wconf 88' lang='lat' dir='ltr'><strong>esse</strong></span> <span class='ocrx_word' id='word_1_160' title='bbox 1313 2151 1531 2211; x_wconf 91' lang='lat' dir='ltr'><strong>coicio</strong></span> <span class='ocrx_word' id='word_1_161' title='bbox 1599 2166 1823 2228; x_wconf 89' lang='lat' dir='ltr'><strong>neque</strong></span> <span class='ocrx_word' id='word_1_162' title='bbox 1889 2166 2057 2211; x_wconf 83' lang='lat' dir='ltr'><strong>vero</strong></span> <span class='ocrx_word' id='word_1_163' title='bbox 2120 2149 2437 2211; x_wconf 85' lang='lat' dir='ltr'><strong>voculam</strong></span> <span class='ocrx_word' id='word_1_164' title='bbox 2488 2148 2643 2229; x_wconf 77' lang='lat' dir='ltr'><strong>‘que’</strong></span> <span class='ocrx_word' id='word_1_165' title='bbox 2690 2164 2975 2210; x_wconf 88' lang='lat' dir='ltr'><strong>caesura</strong></span> <span class='ocrx_word' id='word_1_166' title='bbox 3016 2145 3273 2209; x_wconf 90' lang='lat' dir='ltr'><strong>abscin-</strong></span> 
     </span>
     <span class='ocr_line' id='line_1_19' title="bbox 575 2252 3273 2334; baseline -0.002 -17"><span class='ocrx_word' id='word_1_167' title='bbox 575 2254 868 2317; x_wconf 88' lang='lat' dir='ltr'><strong>dendam</strong></span> <span class='ocrx_word' id='word_1_168' title='bbox 946 2271 1098 2319; x_wconf 88' lang='lat' dir='ltr'><strong>esse</strong></span> <span class='ocrx_word' id='word_1_169' title='bbox 1173 2270 1212 2317; x_wconf 93' lang='lat' dir='ltr'><strong>a</strong></span> <span class='ocrx_word' id='word_1_170' title='bbox 1276 2254 1494 2317; x_wconf 84' lang='lat' dir='ltr'><strong>verbo</strong></span> <span class='ocrx_word' id='word_1_171' title='bbox 1571 2254 2046 2333; x_wconf 87' lang='lat' dir='ltr'><strong>praecedente.</strong></span> <span class='ocrx_word' id='word_1_172' title='bbox 2125 2253 2342 2326; x_wconf 87' lang='lat' dir='ltr'><strong>Quam</strong></span> <span class='ocrx_word' id='word_1_173' title='bbox 2420 2254 2815 2334; x_wconf 87' lang='lat' dir='ltr'><strong>opinionem</strong></span> <span class='ocrx_word' id='word_1_174' title='bbox 2894 2253 3098 2315; x_wconf 87' lang='lat' dir='ltr'><strong>etiam</strong></span> <span class='ocrx_word' id='word_1_175' title='bbox 3174 2252 3273 2313; x_wconf 87' lang='lat' dir='ltr'><strong>his</strong></span> 
     </span>
     <span class='ocr_line' id='line_1_20' title="bbox 574 2357 3041 2441; baseline -0.001 -20"><span class='ocrx_word' id='word_1_176' title='bbox 574 2359 958 2423; x_wconf 83' lang='lat' dir='ltr'><strong>rationibus</strong></span> <span class='ocrx_word' id='word_1_177' title='bbox 1003 2358 1236 2421; x_wconf 79' lang='lat' dir='ltr'><strong>fulciri</strong></span> <span class='ocrx_word' id='word_1_178' title='bbox 1281 2376 1488 2441; x_wconf 90' lang='lat' dir='ltr'><strong>posse</strong></span> <span class='ocrx_word' id='word_1_179' title='bbox 1537 2359 1764 2421; x_wconf 87' lang='lat' dir='ltr'><strong>credo.</strong></span> <span class='ocrx_word' id='word_1_180' title='bbox 1810 2360 1957 2421; x_wconf 85' lang='lat' dir='ltr'><strong>Etsi</strong></span> <span class='ocrx_word' id='word_1_181' title='bbox 2005 2358 2387 2422; x_wconf 89' lang='lat' dir='ltr'><strong>concedere</strong></span> <span class='ocrx_word' id='word_1_182' title='bbox 2435 2357 2642 2423; x_wconf 86' lang='lat' dir='ltr'><strong>velim</strong></span> <span class='ocrx_word' id='word_1_183' title='bbox 2688 2358 2758 2421; x_wconf 90' lang='lat' dir='ltr'><strong>in</strong></span> <span class='ocrx_word' id='word_1_184' title='bbox 2804 2374 3041 2421; x_wconf 85' lang='lat' dir='ltr'><strong>versu:</strong></span> 
     </span>
     <span class='ocr_line' id='line_1_21' title="bbox 777 2479 2581 2546; baseline 0 -15"><span class='ocrx_word' id='word_1_185' title='bbox 777 2481 923 2546; x_wconf 79' lang='lat' dir='ltr'><strong>XXI,</strong></span> <span class='ocrx_word' id='word_1_186' title='bbox 962 2482 1090 2531; x_wconf 74' lang='lat'><strong>676:</strong></span> <span class='ocrx_word' id='word_1_187' title='bbox 1129 2480 1197 2531; x_wconf 92' lang='lat' dir='ltr'><strong>In</strong></span> <span class='ocrx_word' id='word_1_188' title='bbox 1235 2484 1330 2530; x_wconf 88' lang='lat' dir='ltr'><strong>tua</strong></span> <span class='ocrx_word' id='word_1_189' title='bbox 1368 2479 1648 2531; x_wconf 82' lang='lat' dir='ltr'><strong>vestibula</strong></span> <span class='ocrx_word' id='word_1_190' title='bbox 1687 2484 1858 2543; x_wconf 89' lang='lat' dir='ltr'><strong>atque</strong></span> <span class='ocrx_word' id='word_1_191' title='bbox 1897 2480 2093 2531; x_wconf 83' lang='lat' dir='ltr'><strong>domos</strong></span> <span class='ocrx_word' id='word_1_192' title='bbox 2130 2492 2363 2531; x_wconf 79' lang='lat' dir='ltr'><strong>manare</strong></span> <span class='ocrx_word' id='word_1_193' title='bbox 2398 2480 2581 2532; x_wconf 69' lang='lat' dir='ltr'><strong>iecisti</strong></span> 
     </span>
    </p>

    <p class='ocr_par' dir='ltr' id='par_1_3' title="bbox 572 2564 3275 2754">
     <span class='ocr_line' id='line_1_22' title="bbox 572 2564 3275 2653; baseline -0.001 -22"><span class='ocrx_word' id='word_1_194' title='bbox 572 2571 978 2649; x_wconf 87' lang='lat' dir='ltr'><strong>particulam</strong></span> <span class='ocrx_word' id='word_1_195' title='bbox 1013 2570 1104 2629; x_wconf 76' lang='lat' dir='ltr'><strong>‘at</strong></span> <span class='ocrx_word' id='word_1_196' title='bbox 1119 2564 1139 2653; x_wconf 85' lang='grc' dir='ltr'><strong>ΙΙ</strong></span> <span class='ocrx_word' id='word_1_197' title='bbox 1155 2570 1290 2651; x_wconf 78' lang='lat' dir='ltr'><strong>que&#39;</strong></span> <span class='ocrx_word' id='word_1_198' title='bbox 1325 2585 1612 2632; x_wconf 89' lang='lat' dir='ltr'><strong>caesura</strong></span> <span class='ocrx_word' id='word_1_199' title='bbox 1642 2586 1850 2649; x_wconf 90' lang='lat' dir='ltr'><strong>posse</strong></span> <span class='ocrx_word' id='word_1_200' title='bbox 1884 2568 2200 2647; x_wconf 89' lang='lat' dir='ltr'><strong>discindi,</strong></span> <span class='ocrx_word' id='word_1_201' title='bbox 2247 2586 2659 2649; x_wconf 89' lang='lat' dir='ltr'><strong>quamquam</strong></span> <span class='ocrx_word' id='word_1_202' title='bbox 2710 2587 2847 2631; x_wconf 90' lang='lat' dir='ltr'><strong>non</strong></span> <span class='ocrx_word' id='word_1_203' title='bbox 2880 2569 3029 2631; x_wconf 85' lang='lat' dir='ltr'><strong>veri</strong></span> <span class='ocrx_word' id='word_1_204' title='bbox 3064 2568 3275 2629; x_wconf 81' lang='lat' dir='ltr'><strong>simile</strong></span> 
     </span>
     <span class='ocr_line' id='line_1_23' title="bbox 573 2672 3181 2754; baseline -0.001 -19"><span class='ocrx_word' id='word_1_205' title='bbox 573 2694 723 2737; x_wconf 89' lang='lat' dir='ltr'><strong>esse</strong></span> <span class='ocrx_word' id='word_1_206' title='bbox 770 2674 935 2737; x_wconf 89' lang='lat' dir='ltr'><strong>mihi</strong></span> <span class='ocrx_word' id='word_1_207' title='bbox 984 2672 1278 2749; x_wconf 84' lang='lat' dir='ltr'><strong>videtur,</strong></span> <span class='ocrx_word' id='word_1_208' title='bbox 1325 2680 1508 2737; x_wconf 89' lang='lat' dir='ltr'><strong>certe</strong></span> <span class='ocrx_word' id='word_1_209' title='bbox 1557 2673 1817 2752; x_wconf 86' lang='lat' dir='ltr'><strong>Meyeri</strong></span> <span class='ocrx_word' id='word_1_210' title='bbox 1864 2676 2205 2739; x_wconf 85' lang='lat' dir='ltr'><strong>sententia</strong></span> <span class='ocrx_word' id='word_1_211' title='bbox 2252 2693 2391 2737; x_wconf 90' lang='lat' dir='ltr'><strong>non</strong></span> <span class='ocrx_word' id='word_1_212' title='bbox 2439 2674 2735 2754; x_wconf 88' lang='lat' dir='ltr'><strong>quadrat</strong></span> <span class='ocrx_word' id='word_1_213' title='bbox 2786 2674 2857 2737; x_wconf 92' lang='lat' dir='ltr'><strong>in</strong></span> <span class='ocrx_word' id='word_1_214' title='bbox 2905 2691 3181 2735; x_wconf 85' lang='lat' dir='ltr'><strong>versus:</strong></span> 
     </span>
    </p>
   </div>
   <div class='ocr_carea' id='block_1_3' title="bbox 777 2791 2957 3211">
    <p class='ocr_par' dir='ltr' id='par_1_4' title="bbox 781 2791 2571 2862">
     <span class='ocr_line' id='line_1_24' title="bbox 781 2791 2571 2862; baseline 0 -17"><span class='ocrx_word' id='word_1_215' title='bbox 781 2796 878 2859; x_wconf 85' lang='lat' dir='ltr'><strong>lx,</strong></span> <span class='ocrx_word' id='word_1_216' title='bbox 914 2796 1008 2846; x_wconf 73' lang='lat'><strong>48:</strong></span> <span class='ocrx_word' id='word_1_217' title='bbox 1043 2794 1158 2845; x_wconf 71' lang='lat' dir='ltr'><strong>Nec</strong></span> <span class='ocrx_word' id='word_1_218' title='bbox 1197 2794 1385 2845; x_wconf 82' lang='lat' dir='ltr'><strong>minus</strong></span> <span class='ocrx_word' id='word_1_219' title='bbox 1421 2794 1520 2845; x_wconf 85' lang='lat' dir='ltr'><strong>ille</strong></span> <span class='ocrx_word' id='word_1_220' title='bbox 1557 2795 1754 2845; x_wconf 81' lang='lat' dir='ltr'><strong>beatus</strong></span> <span class='ocrx_word' id='word_1_221' title='bbox 1779 2792 1787 2862; x_wconf 86' lang='grc' dir='ltr'>Ι</span> <span class='ocrx_word' id='word_1_222' title='bbox 1811 2796 1936 2858; x_wconf 86' lang='lat' dir='ltr'><strong>erit,</strong></span> <span class='ocrx_word' id='word_1_223' title='bbox 1955 2791 1975 2861; x_wconf 76' lang='grc' dir='ltr'><strong>ΙΙ</strong></span> <span class='ocrx_word' id='word_1_224' title='bbox 1992 2797 2089 2857; x_wconf 90' lang='lat' dir='ltr'><strong>qui</strong></span> <span class='ocrx_word' id='word_1_225' title='bbox 2126 2808 2308 2859; x_wconf 77' lang='lat' dir='ltr'><strong>parva</strong></span> <span class='ocrx_word' id='word_1_226' title='bbox 2342 2795 2571 2862; x_wconf 82' lang='lat' dir='ltr'><strong>tenebit,</strong></span> 
     </span>
    </p>

    <p class='ocr_par' dir='ltr' id='par_1_5' title="bbox 777 2878 2957 3211">
     <span class='ocr_line' id='line_1_25' title="bbox 777 2878 2957 2950; baseline -0.001 -15"><span class='ocrx_word' id='word_1_227' title='bbox 777 2882 926 2943; x_wconf 78' lang='lat' dir='ltr'><strong>XVI,</strong></span> <span class='ocrx_word' id='word_1_228' title='bbox 963 2884 1055 2934; x_wconf 79' lang='lat'><strong>6⁷:</strong></span> <span class='ocrx_word' id='word_1_229' title='bbox 1093 2882 1365 2942; x_wconf 63' lang='lat' dir='ltr'><strong>comitum</strong></span> <span class='ocrx_word' id='word_1_230' title='bbox 1403 2882 1527 2945; x_wconf 83' lang='lat' dir='ltr'><strong>ipse</strong></span> <span class='ocrx_word' id='word_1_231' title='bbox 1565 2896 1668 2933; x_wconf 86' lang='lat' dir='ltr'><strong>nee</strong></span> <span class='ocrx_word' id='word_1_232' title='bbox 1705 2884 1829 2945; x_wconf 81' lang='lat' dir='ltr'><strong>ipse</strong></span> <span class='ocrx_word' id='word_1_233' title='bbox 1852 2878 1859 2949; x_wconf 93' lang='grc' dir='ltr'>Ι</span> <span class='ocrx_word' id='word_1_234' title='bbox 1884 2883 1975 2933; x_wconf 77' lang='lat' dir='ltr'><strong>vir</strong></span> <span class='ocrx_word' id='word_1_235' title='bbox 2010 2887 2110 2950; x_wconf 84' lang='lat' dir='ltr'><strong>est,</strong></span> <span class='ocrx_word' id='word_1_236' title='bbox 2126 2880 2147 2950; x_wconf 81' lang='grc' dir='ltr'><strong>ΙΙ</strong></span> <span class='ocrx_word' id='word_1_237' title='bbox 2164 2896 2294 2935; x_wconf 86' lang='lat' dir='ltr'><strong>eum</strong></span> <span class='ocrx_word' id='word_1_238' title='bbox 2330 2884 2404 2934; x_wconf 82' lang='lat' dir='ltr'><strong>sit</strong></span> <span class='ocrx_word' id='word_1_239' title='bbox 2439 2896 2622 2947; x_wconf 85' lang='lat' dir='ltr'><strong>prope</strong></span> <span class='ocrx_word' id='word_1_240' title='bbox 2656 2882 2822 2945; x_wconf 72' lang='lat' dir='ltr'><strong>longe</strong></span> <span class='ocrx_word' id='word_1_241' title='bbox 2858 2886 2957 2947; x_wconf 85' lang='lat' dir='ltr'><strong>est,</strong></span> 
     </span>
     <span class='ocr_line' id='line_1_26' title="bbox 780 2966 2725 3037; baseline 0.001 -18"><span class='ocrx_word' id='word_1_242' title='bbox 780 2970 931 3029; x_wconf 84' lang='lat' dir='ltr'><strong>XIX,</strong></span> <span class='ocrx_word' id='word_1_243' title='bbox 965 2970 1091 3020; x_wconf 76' lang='lat'><strong>298:</strong></span> <span class='ocrx_word' id='word_1_244' title='bbox 1131 2968 1364 3020; x_wconf 67' lang='lat' dir='ltr'><strong>adforet.</strong></span> <span class='ocrx_word' id='word_1_245' title='bbox 1405 2968 1548 3020; x_wconf 88' lang='lat' dir='ltr'><strong>Inde</strong></span> <span class='ocrx_word' id='word_1_246' title='bbox 1584 2969 1851 3031; x_wconf 84' lang='lat' dir='ltr'><strong>perennis</strong></span> <span class='ocrx_word' id='word_1_247' title='bbox 1876 2966 1883 3035; x_wconf 87' lang='grc' dir='ltr'>Ι</span> <span class='ocrx_word' id='word_1_248' title='bbox 1906 2966 2193 3037; x_wconf 75' lang='lat' dir='ltr'><strong>honosnet</strong></span> <span class='ocrx_word' id='word_1_249' title='bbox 2228 2970 2414 3033; x_wconf 80' lang='lat' dir='ltr'><strong>gloria</strong></span> <span class='ocrx_word' id='word_1_250' title='bbox 2448 2975 2725 3033; x_wconf 84' lang='lat' dir='ltr'><strong>sanctum,</strong></span> 
     </span>
     <span class='ocr_line' id='line_1_27' title="bbox 783 3054 2723 3123; baseline 0.001 -16"><span class='ocrx_word' id='word_1_251' title='bbox 783 3056 1012 3115; x_wconf 84' lang='lat' dir='ltr'><strong>xxvn,</strong></span> <span class='ocrx_word' id='word_1_252' title='bbox 1047 3058 1178 3107; x_wconf 72' lang='lat'>405:</span> <span class='ocrx_word' id='word_1_253' title='bbox 1219 3057 1478 3107; x_wconf 77' lang='lat' dir='ltr'><strong>Pulveris</strong></span> <span class='ocrx_word' id='word_1_254' title='bbox 1515 3055 1664 3107; x_wconf 84' lang='lat' dir='ltr'><strong>inter</strong></span> <span class='ocrx_word' id='word_1_255' title='bbox 1698 3062 1893 3109; x_wconf 83' lang='lat' dir='ltr'><strong>sancta</strong></span> <span class='ocrx_word' id='word_1_256' title='bbox 1916 3054 1923 3123; x_wconf 84' lang='grc' dir='ltr'>Ι</span> <span class='ocrx_word' id='word_1_257' title='bbox 1948 3058 2096 3108; x_wconf 81' lang='lat' dir='ltr'><strong>sacri</strong></span> <span class='ocrx_word' id='word_1_258' title='bbox 2114 3054 2134 3123; x_wconf 84' lang='grc' dir='ltr'><strong>ΙΙ</strong></span> <span class='ocrx_word' id='word_1_259' title='bbox 2150 3058 2425 3108; x_wconf 83' lang='lat' dir='ltr'><strong>libamina</strong></span> <span class='ocrx_word' id='word_1_260' title='bbox 2462 3058 2723 3121; x_wconf 81' lang='lat' dir='ltr'><strong>reddant,</strong></span> 
     </span>
     <span class='ocr_line' id='line_1_28' title="bbox 783 3140 2788 3211; baseline 0.001 -18"><span class='ocrx_word' id='word_1_261' title='bbox 783 3142 981 3210; x_wconf 82' lang='lat' dir='ltr'><strong>XXXI,</strong></span> <span class='ocrx_word' id='word_1_262' title='bbox 1019 3144 1144 3193; x_wconf 80' lang='lat'>261:</span> <span class='ocrx_word' id='word_1_263' title='bbox 1184 3142 1424 3194; x_wconf 78' lang='lat' dir='ltr'><strong>difficile</strong></span> <span class='ocrx_word' id='word_1_264' title='bbox 1461 3144 1863 3207; x_wconf 81' lang='lat' dir='ltr'><strong>omnipotentis</strong></span> <span class='ocrx_word' id='word_1_265' title='bbox 1886 3141 1893 3209; x_wconf 90' lang='grc' dir='ltr'>Ι</span> <span class='ocrx_word' id='word_1_266' title='bbox 1918 3157 2060 3207; x_wconf 87' lang='lat' dir='ltr'><strong>opus</strong></span> <span class='ocrx_word' id='word_1_267' title='bbox 2078 3140 2096 3210; x_wconf 85' lang='grc' dir='ltr'><strong>ΙΙ</strong></span> <span class='ocrx_word' id='word_1_268' title='bbox 2113 3145 2232 3195; x_wconf 74' lang='lat' dir='ltr'><strong>tere</strong></span> <span class='ocrx_word' id='word_1_269' title='bbox 2270 3144 2537 3211; x_wconf 85' lang='lat' dir='ltr'><strong>ereditur,</strong></span> <span class='ocrx_word' id='word_1_270' title='bbox 2572 3149 2637 3196; x_wconf 83' lang='lat' dir='ltr'><strong>ut</strong></span> <span class='ocrx_word' id='word_1_271' title='bbox 2670 3156 2788 3197; x_wconf 76' lang='lat' dir='ltr'><strong>nos.</strong></span> 
     </span>
    </p>
   </div>
   <div class='ocr_carea' id='block_1_4' title="bbox 578 3248 2888 3436">
    <p class='ocr_par' dir='ltr' id='par_1_6' title="bbox 578 3248 2888 3436">
     <span class='ocr_line' id='line_1_29' title="bbox 578 3248 2888 3329; baseline 0 -18"><span class='ocrx_word' id='word_1_272' title='bbox 578 3251 800 3314; x_wconf 89' lang='lat' dir='ltr'><strong>Porro</strong></span> <span class='ocrx_word' id='word_1_273' title='bbox 850 3250 1089 3329; x_wconf 84' lang='lat' dir='ltr'><strong>Meyer</strong></span> <span class='ocrx_word' id='word_1_274' title='bbox 1136 3248 1412 3329; x_wconf 89' lang='lat' dir='ltr'><strong>quidem</strong></span> <span class='ocrx_word' id='word_1_275' title='bbox 1463 3250 1533 3311; x_wconf 91' lang='lat' dir='ltr'><strong>in</strong></span> <span class='ocrx_word' id='word_1_276' title='bbox 1581 3250 1920 3327; x_wconf 77' lang='lat' dir='ltr'><strong>versibuS,</strong></span> <span class='ocrx_word' id='word_1_277' title='bbox 1971 3267 2265 3329; x_wconf 88' lang='lat' dir='ltr'><strong>quorum</strong></span> <span class='ocrx_word' id='word_1_278' title='bbox 2314 3252 2495 3313; x_wconf 87' lang='lat' dir='ltr'><strong>ratio</strong></span> <span class='ocrx_word' id='word_1_279' title='bbox 2544 3255 2649 3313; x_wconf 86' lang='lat' dir='ltr'><strong>est</strong></span> <span class='ocrx_word' id='word_1_280' title='bbox 2694 3250 2888 3313; x_wconf 88' lang='lat' dir='ltr'><strong>haec:</strong></span> 
     </span>
     <span class='ocr_line' id='line_1_30' title="bbox 1200 3370 2560 3436; baseline 0.001 -15"><span class='ocrx_word' id='word_1_281' title='bbox 1200 3370 1422 3421; x_wconf 82' lang='lat' dir='ltr'><strong>Iustitia</strong></span> <span class='ocrx_word' id='word_1_282' title='bbox 1457 3371 1732 3422; x_wconf 79' lang='lat' dir='ltr'><strong>inviolata</strong></span> <span class='ocrx_word' id='word_1_283' title='bbox 1769 3372 1935 3422; x_wconf 83' lang='lat' dir='ltr'><strong>malis</strong></span> <span class='ocrx_word' id='word_1_284' title='bbox 1970 3370 2361 3436; x_wconf 85' lang='lat' dir='ltr'><strong>placidissima</strong></span> <span class='ocrx_word' id='word_1_285' title='bbox 2398 3373 2560 3435; x_wconf 76' lang='lat' dir='ltr'><strong>virgo</strong></span> 
     </span>
    </p>
   </div>
   <div class='ocr_carea' id='block_1_5' title="bbox 574 3476 3273 3645">
    <p class='ocr_par' dir='ltr' id='par_1_7' title="bbox 574 3476 3273 3645">
     <span class='ocr_line' id='line_1_31' title="bbox 576 3476 3273 3555; baseline -0.001 -16"><span class='ocrx_word' id='word_1_286' title='bbox 576 3494 728 3539; x_wconf 85' lang='lat' dir='ltr'><strong>curn</strong></span> <span class='ocrx_word' id='word_1_287' title='bbox 797 3478 1230 3539; x_wconf 87' lang='lat' dir='ltr'><strong>Lachmanno</strong></span> <span class='ocrx_word' id='word_1_288' title='bbox 1297 3492 1648 3538; x_wconf 89' lang='lat' dir='ltr'><strong>caesuram</strong></span> <span class='ocrx_word' id='word_1_289' title='bbox 1717 3479 1958 3539; x_wconf 88' lang='lat' dir='ltr'><strong>statuit</strong></span> <span class='ocrx_word' id='word_1_290' title='bbox 2022 3480 2089 3539; x_wconf 91' lang='lat' dir='ltr'><strong>in</strong></span> <span class='ocrx_word' id='word_1_291' title='bbox 2156 3480 2293 3540; x_wconf 87' lang='lat' dir='ltr'><strong>arsi</strong></span> <span class='ocrx_word' id='word_1_292' title='bbox 2342 3479 2569 3555; x_wconf 87' lang='lat' dir='ltr'><strong>altera,</strong></span> <span class='ocrx_word' id='word_1_293' title='bbox 2634 3479 2727 3539; x_wconf 89' lang='lat' dir='ltr'><strong>ita</strong></span> <span class='ocrx_word' id='word_1_294' title='bbox 2784 3479 2975 3540; x_wconf 90' lang='lat' dir='ltr'><strong>utin</strong></span> <span class='ocrx_word' id='word_1_295' title='bbox 3024 3476 3273 3540; x_wconf 89' lang='lat' dir='ltr'><strong>Paulini</strong></span> 
     </span>
     <span class='ocr_line' id='line_1_32' title="bbox 574 3582 2446 3645; baseline 0.001 -4"><span class='ocrx_word' id='word_1_296' title='bbox 574 3582 995 3643; x_wconf 81' lang='lat' dir='ltr'><strong>carminibus</strong></span> <span class='ocrx_word' id='word_1_297' title='bbox 1043 3582 1586 3644; x_wconf 88' lang='lat' dir='ltr'><strong>semiternariam</strong></span> <span class='ocrx_word' id='word_1_298' title='bbox 1635 3582 2007 3645; x_wconf 86' lang='lat' dir='ltr'><strong>exhibeant</strong></span> <span class='ocrx_word' id='word_1_299' title='bbox 2055 3598 2299 3645; x_wconf 84' lang='lat' dir='ltr'><strong>versus</strong></span> <span class='ocrx_word' id='word_1_300' title='bbox 2348 3584 2446 3643; x_wconf 88' lang='lat' dir='ltr'><strong>hi:</strong></span> 
     </span>
    </p>
   </div>
   <div class='ocr_carea' id='block_1_6' title="bbox 780 3698 2815 3947">
    <p class='ocr_par' dir='ltr' id='par_1_8' title="bbox 780 3698 2815 3947">
     <span class='ocr_line' id='line_1_33' title="bbox 780 3698 2726 3769; baseline 0.002 -15"><span class='ocrx_word' id='word_1_301' title='bbox 780 3702 929 3768; x_wconf 84' lang='lat' dir='ltr'><strong>XIX,</strong></span> <span class='ocrx_word' id='word_1_302' title='bbox 967 3702 1096 3753; x_wconf 80' lang='lat'><strong>260:</strong></span> <span class='ocrx_word' id='word_1_303' title='bbox 1137 3698 1453 3753; x_wconf 82' lang='lat' dir='ltr'><strong>Humanam</strong></span> <span class='ocrx_word' id='word_1_304' title='bbox 1493 3703 1762 3754; x_wconf 81' lang='lat' dir='ltr'><strong>invenere</strong></span> <span class='ocrx_word' id='word_1_305' title='bbox 1799 3716 1974 3754; x_wconf 89' lang='lat' dir='ltr'><strong>suam.</strong></span> <span class='ocrx_word' id='word_1_306' title='bbox 2012 3704 2175 3754; x_wconf 79' lang='lat' dir='ltr'><strong>Nunc</strong></span> <span class='ocrx_word' id='word_1_307' title='bbox 2213 3716 2346 3766; x_wconf 83' lang='lat' dir='ltr'><strong>ergo</strong></span> <span class='ocrx_word' id='word_1_308' title='bbox 2384 3714 2631 3769; x_wconf 84' lang='lat' dir='ltr'><strong>reorum,</strong></span> <span class='ocrx_word' id='word_1_309' title='bbox 2718 3749 2726 3757; x_wconf 89' lang='lat'><strong>.</strong></span> 
     </span>
     <span class='ocr_line' id='line_1_34' title="bbox 785 3788 2583 3857; baseline 0.002 -19"><span class='ocrx_word' id='word_1_310' title='bbox 785 3789 936 3851; x_wconf 82' lang='lat' dir='ltr'><strong>XXI,</strong></span> <span class='ocrx_word' id='word_1_311' title='bbox 974 3790 1100 3841; x_wconf 78' lang='lat'><strong>656:</strong></span> <span class='ocrx_word' id='word_1_312' title='bbox 1141 3788 1386 3839; x_wconf 82' lang='lat' dir='ltr'><strong>Felicem</strong></span> <span class='ocrx_word' id='word_1_313' title='bbox 1424 3790 1688 3841; x_wconf 75' lang='lat' dir='ltr'><strong>incusare</strong></span> <span class='ocrx_word' id='word_1_314' title='bbox 1723 3804 1912 3843; x_wconf 88' lang='lat' dir='ltr'><strong>meum</strong></span> <span class='ocrx_word' id='word_1_315' title='bbox 1950 3791 2114 3854; x_wconf 80' lang='lat' dir='ltr'><strong>quasi</strong></span> <span class='ocrx_word' id='word_1_316' title='bbox 2153 3792 2408 3853; x_wconf 82' lang='lat' dir='ltr'><strong>sequitur</strong></span> <span class='ocrx_word' id='word_1_317' title='bbox 2444 3790 2583 3857; x_wconf 81' lang='lat' dir='ltr'><strong>istis,</strong></span> 
     </span>
     <span class='ocr_line' id='line_1_35' title="bbox 783 3876 2815 3947; baseline 0 -20"><span class='ocrx_word' id='word_1_318' title='bbox 783 3876 1010 3942; x_wconf 86' lang='lat' dir='ltr'><strong>XXVII,</strong></span> <span class='ocrx_word' id='word_1_319' title='bbox 1053 3878 1176 3927; x_wconf 74' lang='lat'>176:</span> <span class='ocrx_word' id='word_1_320' title='bbox 1217 3877 1513 3928; x_wconf 79' lang='lat' dir='ltr'><strong>Laetitiam</strong></span> <span class='ocrx_word' id='word_1_321' title='bbox 1551 3888 1823 3929; x_wconf 82' lang='lat' dir='ltr'><strong>enarrare</strong></span> <span class='ocrx_word' id='word_1_322' title='bbox 1860 3890 2059 3942; x_wconf 87' lang='lat' dir='ltr'><strong>meam,</strong></span> <span class='ocrx_word' id='word_1_323' title='bbox 2098 3890 2275 3941; x_wconf 80' lang='lat' dir='ltr'><strong>quare</strong></span> <span class='ocrx_word' id='word_1_324' title='bbox 2312 3890 2550 3930; x_wconf 86' lang='lat' dir='ltr'><strong>munera</strong></span> <span class='ocrx_word' id='word_1_325' title='bbox 2588 3878 2815 3947; x_wconf 78' lang='lat' dir='ltr'><strong>christi.</strong></span> 
     </span>
    </p>
   </div>
   <div class='ocr_carea' id='block_1_7' title="bbox 577 3978 2864 4062">
    <p class='ocr_par' dir='ltr' id='par_1_9' title="bbox 577 3978 2864 4062">
     <span class='ocr_line' id='line_1_36' title="bbox 577 3978 2864 4062; baseline 0 -18"><span class='ocrx_word' id='word_1_326' title='bbox 577 3981 714 4045; x_wconf 88' lang='lat' dir='ltr'><strong>Sed</strong></span> <span class='ocrx_word' id='word_1_327' title='bbox 761 3984 817 4043; x_wconf 91' lang='lat' dir='ltr'><strong>si</strong></span> <span class='ocrx_word' id='word_1_328' title='bbox 867 3978 1155 4043; x_wconf 86' lang='lat' dir='ltr'><strong>eundem</strong></span> <span class='ocrx_word' id='word_1_329' title='bbox 1212 3983 1438 4043; x_wconf 85' lang='lat' dir='ltr'><strong>virum</strong></span> <span class='ocrx_word' id='word_1_330' title='bbox 1490 3979 1769 4044; x_wconf 89' lang='lat' dir='ltr'><strong>doctum</strong></span> <span class='ocrx_word' id='word_1_331' title='bbox 1820 3985 2195 4062; x_wconf 85' lang='lat' dir='ltr'><strong>sequimur,</strong></span> <span class='ocrx_word' id='word_1_332' title='bbox 2241 3984 2309 4044; x_wconf 91' lang='lat' dir='ltr'><strong>in</strong></span> <span class='ocrx_word' id='word_1_333' title='bbox 2358 3982 2677 4045; x_wconf 86' lang='lat' dir='ltr'><strong>versibus</strong></span> <span class='ocrx_word' id='word_1_334' title='bbox 2722 3983 2864 4045; x_wconf 86' lang='lat' dir='ltr'><strong>his:</strong></span> 
     </span>
    </p>
   </div>
   <div class='ocr_carea' id='block_1_8' title="bbox 783 4104 2715 4257">
    <p class='ocr_par' dir='ltr' id='par_1_10' title="bbox 783 4104 2715 4257">
     <span class='ocr_line' id='line_1_37' title="bbox 783 4104 2445 4170; baseline 0.002 -18"><span class='ocrx_word' id='word_1_335' title='bbox 783 4104 848 4167; x_wconf 89' lang='lat' dir='ltr'><strong>V,</strong></span> <span class='ocrx_word' id='word_1_336' title='bbox 885 4106 946 4153; x_wconf 90' lang='lat'><strong>3:</strong></span> <span class='ocrx_word' id='word_1_337' title='bbox 985 4104 1276 4166; x_wconf 87' lang='lat' dir='ltr'><strong>Principio</strong></span> <span class='ocrx_word' id='word_1_338' title='bbox 1314 4108 1680 4165; x_wconf 84' lang='lat' dir='ltr'><strong>extremoque</strong></span> <span class='ocrx_word' id='word_1_339' title='bbox 1717 4117 1933 4170; x_wconf 84' lang='lat' dir='ltr'><strong>carens,</strong></span> <span class='ocrx_word' id='word_1_340' title='bbox 1972 4104 2262 4167; x_wconf 79' lang='lat' dir='ltr'><strong>antiquior</strong></span> <span class='ocrx_word' id='word_1_341' title='bbox 2301 4106 2445 4165; x_wconf 79' lang='lat' dir='ltr'><strong>aevi,</strong></span> 
     </span>
     <span class='ocr_line' id='line_1_38' title="bbox 786 4190 2715 4257; baseline 0.001 -18"><span class='ocrx_word' id='word_1_342' title='bbox 786 4190 909 4239; x_wconf 89' lang='lat' dir='ltr'><strong>Va1.</strong></span> <span class='ocrx_word' id='word_1_343' title='bbox 947 4190 1134 4241; x_wconf 81' lang='lat' dir='ltr'><strong>Flacc.</strong></span> <span class='ocrx_word' id='word_1_344' title='bbox 1171 4190 1266 4257; x_wconf 85' lang='lat' dir='ltr'><strong>IV,</strong></span> <span class='ocrx_word' id='word_1_345' title='bbox 1302 4192 1430 4243; x_wconf 79' lang='lat'><strong>361:</strong></span> <span class='ocrx_word' id='word_1_346' title='bbox 1469 4191 1657 4241; x_wconf 81' lang='lat' dir='ltr'><strong>Exilia</strong></span> <span class='ocrx_word' id='word_1_347' title='bbox 1693 4192 2037 4255; x_wconf 83' lang='lat' dir='ltr'><strong>intentisque</strong></span> <span class='ocrx_word' id='word_1_348' title='bbox 2074 4193 2225 4243; x_wconf 74' lang='lat' dir='ltr'><strong>canIt</strong></span> <span class='ocrx_word' id='word_1_349' title='bbox 2260 4191 2456 4243; x_wconf 77' lang='lat' dir='ltr'><strong>videre</strong></span> <span class='ocrx_word' id='word_1_350' title='bbox 2492 4192 2715 4255; x_wconf 80' lang='lat' dir='ltr'><strong>priores</strong></span> 
     </span>
    </p>
   </div>
   <div class='ocr_carea' id='block_1_9' title="bbox 575 4277 3275 4671">
    <p class='ocr_par' dir='ltr' id='par_1_11' title="bbox 575 4277 3273 4465">
     <span class='ocr_line' id='line_1_39' title="bbox 575 4277 3273 4358; baseline 0 -18"><span class='ocrx_word' id='word_1_351' title='bbox 575 4287 758 4342; x_wconf 86' lang='lat' dir='ltr'><strong>esset</strong></span> <span class='ocrx_word' id='word_1_352' title='bbox 799 4296 1082 4341; x_wconf 88' lang='lat' dir='ltr'><strong>caesura</strong></span> <span class='ocrx_word' id='word_1_353' title='bbox 1132 4279 1640 4358; x_wconf 86' lang='lat' dir='ltr'><strong>semiquinaria.</strong></span> <span class='ocrx_word' id='word_1_354' title='bbox 1695 4277 1951 4343; x_wconf 90' lang='lat' dir='ltr'><strong>Iisdem</strong></span> <span class='ocrx_word' id='word_1_355' title='bbox 2000 4280 2170 4342; x_wconf 88' lang='lat' dir='ltr'><strong>adeo</strong></span> <span class='ocrx_word' id='word_1_356' title='bbox 2220 4280 2539 4343; x_wconf 86' lang='lat' dir='ltr'><strong>versibus</strong></span> <span class='ocrx_word' id='word_1_357' title='bbox 2585 4280 2821 4355; x_wconf 89' lang='lat' dir='ltr'><strong>utitur,</strong></span> <span class='ocrx_word' id='word_1_358' title='bbox 2869 4284 2945 4341; x_wconf 93' lang='lat' dir='ltr'><strong>ut</strong></span> <span class='ocrx_word' id='word_1_359' title='bbox 2993 4281 3273 4342; x_wconf 81' lang='lat' dir='ltr'><strong>verbum</strong></span> 
     </span>
     <span class='ocr_line' id='line_1_40' title="bbox 575 4383 2654 4465; baseline 0 -20"><span class='ocrx_word' id='word_1_360' title='bbox 575 4385 962 4447; x_wconf 88' lang='lat' dir='ltr'><strong>encliticum</strong></span> <span class='ocrx_word' id='word_1_361' title='bbox 1015 4383 1172 4465; x_wconf 79' lang='lat' dir='ltr'><strong>‘que’</strong></span> <span class='ocrx_word' id='word_1_362' title='bbox 1221 4401 1349 4462; x_wconf 92' lang='lat' dir='ltr'><strong>pro</strong></span> <span class='ocrx_word' id='word_1_363' title='bbox 1399 4401 1470 4446; x_wconf 89' lang='lat' dir='ltr'><strong>se</strong></span> <span class='ocrx_word' id='word_1_364' title='bbox 1518 4385 1672 4463; x_wconf 91' lang='lat' dir='ltr'><strong>ipso</strong></span> <span class='ocrx_word' id='word_1_365' title='bbox 1720 4390 1903 4447; x_wconf 90' lang='lat' dir='ltr'><strong>stare</strong></span> <span class='ocrx_word' id='word_1_366' title='bbox 1952 4402 2160 4463; x_wconf 89' lang='lat' dir='ltr'><strong>posse</strong></span> <span class='ocrx_word' id='word_1_367' title='bbox 2208 4384 2654 4448; x_wconf 85' lang='lat' dir='ltr'><strong>demonstret.</strong></span> 
     </span>
    </p>

    <p class='ocr_par' dir='ltr' id='par_1_12' title="bbox 578 4487 3275 4671">
     <span class='ocr_line' id='line_1_41' title="bbox 787 4487 3275 4568; baseline 0 -20"><span class='ocrx_word' id='word_1_368' title='bbox 787 4487 930 4550; x_wconf 90' lang='lat' dir='ltr'><strong>Iam</strong></span> <span class='ocrx_word' id='word_1_369' title='bbox 999 4505 1170 4565; x_wconf 90' lang='lat' dir='ltr'><strong>quae</strong></span> <span class='ocrx_word' id='word_1_370' title='bbox 1235 4504 1518 4550; x_wconf 90' lang='lat' dir='ltr'><strong>caesura</strong></span> <span class='ocrx_word' id='word_1_371' title='bbox 1583 4494 1706 4566; x_wconf 87' lang='lat' dir='ltr'><strong>est,</strong></span> <span class='ocrx_word' id='word_1_372' title='bbox 1771 4489 1829 4550; x_wconf 91' lang='lat' dir='ltr'><strong>si</strong></span> <span class='ocrx_word' id='word_1_373' title='bbox 1894 4506 2117 4568; x_wconf 88' lang='lat' dir='ltr'><strong>neque</strong></span> <span class='ocrx_word' id='word_1_374' title='bbox 2182 4490 2377 4551; x_wconf 91' lang='lat' dir='ltr'><strong>elisio</strong></span> <span class='ocrx_word' id='word_1_375' title='bbox 2442 4490 2512 4551; x_wconf 92' lang='lat' dir='ltr'><strong>in</strong></span> <span class='ocrx_word' id='word_1_376' title='bbox 2577 4490 2713 4550; x_wconf 89' lang='lat' dir='ltr'><strong>arsi</strong></span> <span class='ocrx_word' id='word_1_377' title='bbox 2785 4489 2999 4551; x_wconf 88' lang='lat' dir='ltr'><strong>altera</strong></span> <span class='ocrx_word' id='word_1_378' title='bbox 3064 4506 3275 4567; x_wconf 89' lang='lat' dir='ltr'><strong>neque</strong></span> 
     </span>
     <span class='ocr_line' id='line_1_42' title="bbox 578 4591 3135 4671; baseline 0.002 -21"><span class='ocrx_word' id='word_1_379' title='bbox 578 4593 826 4653; x_wconf 82' lang='lat' dir='ltr'><strong>vocula</strong></span> <span class='ocrx_word' id='word_1_380' title='bbox 873 4592 1030 4671; x_wconf 82' lang='lat' dir='ltr'><strong>‘que’</strong></span> <span class='ocrx_word' id='word_1_381' title='bbox 1077 4595 1302 4654; x_wconf 85' lang='lat' dir='ltr'><strong>exstat</strong></span> <span class='ocrx_word' id='word_1_382' title='bbox 1347 4592 1418 4653; x_wconf 91' lang='lat' dir='ltr'><strong>in</strong></span> <span class='ocrx_word' id='word_1_383' title='bbox 1464 4595 1600 4653; x_wconf 88' lang='lat' dir='ltr'><strong>arsi</strong></span> <span class='ocrx_word' id='word_1_384' title='bbox 1650 4594 1850 4655; x_wconf 87' lang='lat' dir='ltr'><strong>tertia</strong></span> <span class='ocrx_word' id='word_1_385' title='bbox 1867 4594 1913 4653; x_wconf 65' lang='grc' dir='ltr'><strong>ἓ.</strong></span> <span class='ocrx_word' id='word_1_386' title='bbox 1949 4592 2049 4667; x_wconf 90' lang='lat' dir='ltr'><strong>Id,</strong></span> <span class='ocrx_word' id='word_1_387' title='bbox 2098 4592 2287 4671; x_wconf 90' lang='lat' dir='ltr'><strong>quod</strong></span> <span class='ocrx_word' id='word_1_388' title='bbox 2335 4593 2723 4654; x_wconf 89' lang='lat' dir='ltr'><strong>invenimus</strong></span> <span class='ocrx_word' id='word_1_389' title='bbox 2773 4592 2877 4653; x_wconf 90' lang='lat' dir='ltr'><strong>his</strong></span> <span class='ocrx_word' id='word_1_390' title='bbox 2924 4591 3135 4655; x_wconf 91' lang='lat' dir='ltr'><strong>locis:</strong></span> 
     </span>
    </p>
   </div>
   <div class='ocr_carea' id='block_1_10' title="bbox 614 4712 996 4720">
    <p class='ocr_par' dir='ltr' id='par_1_13' title="bbox 614 4712 996 4720">
     <span class='ocr_line' id='line_1_43' title="bbox 614 4712 996 4720; baseline 0 389"><span class='ocrx_word' id='word_1_391' title='bbox 614 4712 996 4720; x_wconf 95' lang='lat' dir='ltr'><strong> </strong></span> 
     </span>
    </p>
   </div>
   <div class='ocr_carea' id='block_1_11' title="bbox 794 4762 2628 4829">
    <p class='ocr_par' dir='ltr' id='par_1_14' title="bbox 794 4762 2628 4829">
     <span class='ocr_line' id='line_1_44' title="bbox 794 4762 2628 4829; baseline 0.001 -18"><span class='ocrx_word' id='word_1_392' title='bbox 794 4763 832 4821; x_wconf 85' lang='lat'><strong>¹)</strong></span> <span class='ocrx_word' id='word_1_393' title='bbox 867 4762 946 4812; x_wconf 87' lang='lat' dir='ltr'><strong>De</strong></span> <span class='ocrx_word' id='word_1_394' title='bbox 983 4764 1234 4826; x_wconf 86' lang='lat' dir='ltr'><strong>quinque</strong></span> <span class='ocrx_word' id='word_1_395' title='bbox 1271 4764 1543 4829; x_wconf 78' lang='lat' dir='ltr'><strong>versibus,</strong></span> <span class='ocrx_word' id='word_1_396' title='bbox 1582 4765 1678 4827; x_wconf 87' lang='lat' dir='ltr'><strong>qui</strong></span> <span class='ocrx_word' id='word_1_397' title='bbox 1718 4764 2062 4829; x_wconf 85' lang='lat' dir='ltr'><strong>eximuntur,</strong></span> <span class='ocrx_word' id='word_1_398' title='bbox 2100 4764 2229 4815; x_wconf 76' lang='lat' dir='ltr'><strong>vide</strong></span> <span class='ocrx_word' id='word_1_399' title='bbox 2266 4766 2415 4815; x_wconf 78' lang='lat' dir='ltr'><strong>inira</strong></span> <span class='ocrx_word' id='word_1_400' title='bbox 2452 4779 2507 4827; x_wconf 88' lang='lat' dir='ltr'><strong>p.</strong></span> <span class='ocrx_word' id='word_1_401' title='bbox 2546 4767 2628 4814; x_wconf 81' lang='lat'><strong>53.</strong></span> 
     </span>
    </p>
   </div>
   <div class='ocr_carea' id='block_1_12' title="bbox 3477 254 3487 5102">
    <p class='ocr_par' dir='ltr' id='par_1_15' title="bbox 3477 254 3487 5102">
     <span class='ocr_line' id='line_1_45' title="bbox 3477 254 3487 5102; baseline 0 0"><span class='ocrx_word' id='word_1_402' title='bbox 3477 254 3487 5102; x_wconf 95' lang='lat' dir='ltr'><strong> </strong></span> 
     </span>
    </p>
   </div>
  </div>
 </body>
</html>
