3567 5109
1657 208 2083 275 -48-

517 420 659 466 non
733 404 966 465 minus
1041 408 1197 483 apte
1271 402 1344 464 in
1410 419 1704 467 caesura
1767 404 2255 469 semiternaria
2317 407 2388 466 et
2452 402 3029 483 semiseptenaria
3093 403 3237 466 sibi

517 514 966 587 opponantur
999 502 1344 589 perfidiam
1393 513 1463 569 et
1503 502 1726 588 jalam,-
1792 510 2048 572 etenim
2097 527 2305 589 quam
2350 510 2649 572 maxime
2696 508 3081 571 delectatus
3128 513 3235 570 est

521 611 854 676 Paulinus
901 612 1118 675 verba
1165 612 1488 692 opposita
1535 630 1801 692 ponere
1850 620 2009 677 ante
2058 631 2404 677 caesuras.

723 718 948 780 Immo
1013 734 1203 796 ver0,
1265 734 1422 781 cum
1489 718 1560 779 in
1626 734 1919 781 caesura
1982 720 2485 782 trithemimere
2549 752 2633 763 —
2697 717 2769 780 id
2834 718 3026 797 quod
3088 736 3233 780 non

517 822 723 903 pauci
785 840 1034 885 versus
1091 822 1418 902 indicant,
1485 825 1817 901 quoniam
1880 840 2219 905 persaepe
2284 841 2443 885 cum
2507 825 2645 885 arsi
2708 822 3019 885 secunda
3072 840 3231 885 con-

517 927 828 990 sociatur
893 928 1283 990 sententiae
1349 926 1685 1007 clausula,
1750 928 1877 990 hac
1940 929 2012 990 in
2063 928 2203 991 arsi
2251 933 2479 991 exstat
2524 927 2793 1008 syllaba
2840 927 3233 990 communis

521 1032 791 1112 (XVIII,
862 1038 1016 1109 1703
1085 1032 1249 1095 ibid.
1325 1034 1482 1109 278;
1549 1031 1762 1108 XXII,
1819 1037 1933 1109 765
2001 1031 2238 1110 XXVI,
2306 1033 2480 1110 333),
2576 1032 2929 1096 invenitur
2993 1032 3231 1111 figura

517 1138 853 1216 parisosis
915 1170 1000 1181 --
1045 1152 1376 1217 magnum
1421 1136 1589 1200 insit
1634 1137 1933 1218 pondua,
1979 1138 2237 1200 nullius
2286 1138 2433 1201 iere
2475 1136 2814 1199 momenti
2858 1154 3013 1199 esse
3056 1142 3228 1217 puto

517 1259 880 1305 caesuram
911 1242 1188 1305 tertiam
1221 1241 1657 1305 trochaicam
1671 1242 1740 1322 1).
1774 1242 2175 1319 PercurraS,
2210 1260 2492 1322 quaes0,
2522 1242 2857 1305 nonnulla
2889 1240 3231 1321 exempla,

519 1366 700 1427 quae
745 1347 956 1410 modo
1007 1347 1340 1426 adferam,
1387 1364 1612 1427 neque
1647 1346 1912 1425 dubito,
1962 1349 2133 1428 quin
2164 1348 2506 1411 concedas
2536 1354 2729 1410 recte
2759 1364 2871 1409 me
2904 1352 3230 1409 statuere.

517 1452 730 1515 Verbi
778 1452 998 1531 gratia
1041 1452 1372 1532 legimus:

725 1573 875 1641 XVI,
915 1572 1038 1625 261:
1077 1578 1279 1626 cuncta
1315 1575 1506 1642 licent,
1539 1574 1548 1638 Ι
1579 1588 1694 1625 non
1731 1578 1935 1626 cuncta
1973 1574 2189 1628 iuvant.
2206 1570 2228 1643 ΙΙ
2247 1575 2424 1625 Licito
2462 1574 2599 1624 utile
2635 1573 2905 1637 praefert,

727 1661 824 1727 IV,
861 1663 918 1713 2:
956 1662 1180 1724 exaudi,
1211 1661 1223 1726 Ι
1252 1662 1300 1712 si
1338 1662 1484 1713 iusta
1519 1660 1870 1731 precorzssne
1906 1663 1981 1713 sit
2015 1662 2159 1713 mihi
2194 1662 2387 1731 tristis,

726 1749 820 1815 IV,
862 1752 926 1799 10
963 1762 1072 1812 sq.:
1110 1750 1440 1809 inlecebras,
1471 1750 1482 1813 ἶ
1513 1754 1819 1813 turpesque
1854 1749 2005 1801 iocos
2022 1746 2042 1817 ΙΙ
2059 1751 2415 1813 obscenaque
2453 1748 2604 1799 dieta

1105 1837 1290 1889 oderit
1313 1874 1488 1890 .....

724 1923 820 1990 IV,
860 1925 952 1974 16:
993 1937 1170 1975 verna
1206 1930 1362 1975 satur
1391 1924 1402 1987 Ι
1432 1924 1697 1988 fidusque
1733 1938 1920 1977 comes
1936 1922 1956 1993 ΙΙ
1972 1926 2299 1987 nitidusque
2336 1925 2607 1989 minister,

727 2010 789 2076 V,
828 2013 920 2062 26:
957 2012 1224 2063 caelestes
1253 2011 1262 2077 Ι
1296 2013 1509 2063 intrare
1543 2013 1742 2076 plagas
1758 2009 1780 2081 ΙΙ
1796 2018 1850 2063 et
1885 2013 2055 2063 inane
2090 2013 2395 2077 sepulchri,

727 2099 788 2165 V,
827 2100 920 2149 34:
961 2098 1374 2163 deceptumque
1405 2100 1414 2163 Ι
1447 2100 1710 2151 adiunxit
1746 2096 2114 2167 Adaunssnos
2148 2114 2275 2152 sera
2310 2104 2600 2164 nepotum,

724 2185 790 2253 V,
827 2187 919 2239 40:
957 2200 1071 2249 qua
1107 2200 1368 2251 proceres
1399 2184 1409 2251 1
1441 2187 1635 2237 abiere
1671 2188 1754 2251 pii
1773 2182 1793 2254 ΙΙ
1810 2202 2040 2251 quaque
2078 2189 2294 2251 integer
2332 2188 2485 2249 olim,

723 2271 788 2339 V,
825 2274 920 2323 44:
958 2274 1006 2323 si
1040 2274 1263 2337 lapides
1292 2272 1301 2337 1
1333 2287 1448 2324 non
1483 2274 1611 2324 iuro
1651 2274 1786 2324 deos
1802 2270 1821 2341 ΙΙ
1839 2288 2131 2337 unumque
2168 2274 2424 2326 verendi.

725 2394 780 2456 E
829 2400 1224 2457 ceterorum
1271 2412 1604 2458 versuum
1649 2413 1943 2460 numero
1990 2396 2251 2477 optime
2316 2414 2423 2459 me
2466 2396 2577 2457 his
2624 2395 3009 2473 adiungere
3056 2401 3227 2476 puto

517 2498 697 2575 illos,
745 2500 864 2578 qui
927 2507 1169 2563 carent
1229 2501 1569 2565 incisione
1615 2508 1774 2581 post
1822 2502 2013 2565 arsin
2061 2508 2403 2582 quartam.
2450 2498 2803 2564 Vocabula
2870 2500 3013 2563 arsi
3078 2501 3227 2578 qui-

520 2605 675 2667 dem
751 2606 970 2668 altera
1047 2612 1116 2668 et
1189 2608 1397 2669 tertio
1462 2606 1793 2670 trochaeo
1870 2610 2355 2683 terminantur,
2430 2607 2555 2669 sed
2645 2622 2929 2669 caesura
3022 2605 3228 2667 semi-

521 2710 912 2789 septenaria
958 2710 1153 2772 deest
1199 2710 1308 2772 his
1355 2710 1711 2774 versibus:
2572 2704 2577 2709 ’

726 2831 844 2891 XV,
877 2834 1004 2881 203:
1043 2844 1182 2881 cura
1219 2832 1306 2881 sui
1323 2828 1342 2897 Η
1359 2832 1544 2895 gregis
1581 2834 1696 2883 urit
1711 2828 1732 2898 ΙΙ
1751 2836 1808 2883 et
1844 2832 2048 2889 attici&
2086 2834 2274 2883 uritur
2311 2833 2457 2899 igne,

724 2920 839 2983 XV,
877 2921 1004 2970 262:
1042 2919 1263 2969 bisseno
1282 2915 1300 2985 ΙΙ
1320 2915 1620 2985 sublimisll
1641 2920 1700 2969 in
1740 2920 1968 2982 agmine
2007 2918 2436 2985 discipulorum,

728 3005 878 3067 XVI,
917 3008 1006 3056 13:
1043 3006 1316 3067 obsequio
1336 3003 1354 3073 ΙΙ
1373 3006 1666 3057 celebrare
1683 3003 1702 3073 ΙΙ
1721 3020 1827 3070 per
1862 3020 2053 3058 annua
2090 3008 2347 3058 carmina
2383 3011 2659 3071 sanctum,

726 3093 876 3159 XVI,
920 3095 1038 3145 111:
1079 3093 1180 3155 qui
1216 3106 1318 3143 nos
1353 3094 1414 3143 in
1432 3090 1452 3161 ss
1471 3094 1692 3145 deserta
1709 3090 1729 3161 ΙΙ
1749 3094 1945 3145 doloso
1982 3095 2225 3145 callidus
2264 3098 2405 3159 astu,

727 3180 910 3243 XXII,
949 3184 1043 3233 79:
1084 3186 1144 3231 tu
1182 3180 1273 3231 cui
1311 3194 1469 3231 mens
1485 3177 1504 3247 ΙΙ
1522 3194 1795 3244 generosa
1813 3178 1832 3248 l!
1849 3183 2080 3245 superni
2118 3182 2347 3232 seminis
2386 3182 2535 3249 igne,

727 3268 940 3335 XXIII,
976 3270 1068 3319 96:
1109 3268 1256 3317 mira
1290 3267 1430 3319 haec
1465 3273 1597 3319 sunt
1612 3264 1632 3335 ΙΙ
1651 3275 1704 3319 et
1740 3264 1985 3335 magnass
2004 3270 2154 3331 (quis
2193 3269 2490 3332 abnegati)
2530 3271 2585 3318 et
2618 3271 2805 3317 tamen
2842 3279 2967 3327 usu,

726 3354 924 3421 XXVI,
962 3358 1090 3405 411:
1128 3355 1225 3405 sed
1265 3356 1442 3405 ventis
1459 3351 1478 3422 u
1499 3355 1717 3406 deserta
1735 3351 1756 3423 ΙΙ
1774 3356 2112 3406 cadentibus
2148 3356 2233 3406 ire
2268 3359 2514 3421 negaret,

729 3441 957 3504 XXVII,
993 3445 1088 3494 43:
1125 3443 1206 3493 sic
1243 3455 1426 3505 aeque
1442 3439 1462 3509 ΙΙ
1480 3442 1679 3493 divina
1695 3438 1716 3509 ΙΙ
1734 3443 1997 3493 teruntur
2034 3456 2273 3493 munera
2312 3443 2541 3509 Christi,

727 3529 959 3597 XXVII,
999 3532 1124 3580 395:
1161 3530 1261 3579 sed
1298 3543 1521 3579 rursum
1541 3526 1560 3596 Η
1577 3530 1882 3581 redeamus
1900 3527 1918 3597 Η
1937 3531 1997 3579 in
2018 3531 2179 3581 atria.
2216 3530 2493 3593 Conspice
2528 3542 2770 3594 sursum,

729 3616 988 3679 XXVIII,
1027 3618 1154 3669 273:
1190 3622 1254 3668 ut
1289 3618 1474 3668 nitido
1493 3611 1512 3683 ΙΙ
1533 3621 1774 3681 purgata
1793 3613 1813 3684 ΙΙ
1829 3622 2139 3680 patesceret
2176 3630 2309 3668 area
2348 3618 2533 3684 dors0,

730 3717 815 3766 ep.
855 3707 940 3770 50,
978 3706 1067 3756 61:
1107 3718 1224 3755 una
1259 3701 1439 3770 tidesll
1460 3705 1596 3755 deus
1635 3716 1783 3753 unus
1802 3700 1821 3772 ΙΙ
1840 3709 1893 3754 et
1928 3705 2133 3755 unicus
2168 3716 2199 3753 e
2236 3708 2399 3769 patre
2436 3703 2709 3769 Christus,

725 3791 882 3855 VIII,
921 3794 1012 3846 29:
1052 3804 1180 3842 ecee
1217 3792 1379 3842 brevi
1396 3788 1415 3858 ΙΙ
1432 3804 1558 3842 cum
1598 3804 1801 3853 magna
1821 3787 1841 3858 ΙΙ
1857 3792 2101 3854 potentis
2136 3792 2405 3843 inarserit
2440 3791 2546 3857 ira,

727 3875 794 3945 X,
832 3881 960 3929 261:
996 3878 1093 3929 sed
1131 3878 1325 3941 lingua
1343 3874 1362 3945 ΙΙ
1379 3879 1663 3929 mulcente
1681 3873 1700 3945 ΙΙ
1717 3890 1948 3941 gravem
1985 3879 2318 3929 interlidere
2354 3878 2596 3929 dentem.

523 4003 655 4075 Qui
718 4020 966 4065 versus
1031 4020 1273 4065 omnes
1338 4002 1485 4064 fere
1549 4004 1622 4064 in
1698 4020 1780 4066 eo
1853 4005 2297 4079 conveniunt,
2374 4002 2564 4081 quod
2640 4006 2803 4081 post
2879 4000 3239 4079 dactylum

525 4112 846 4188 quartum
893 4106 1190 4169 verbum
1238 4104 1506 4172 finitur.
1553 4106 1708 4169 Duo
1756 4107 1889 4170 soli
1939 4125 2204 4184 versus,
2251 4106 2431 4183 VIII,
2482 4110 2561 4167 29
2611 4111 2680 4167 et
2709 4104 2789 4182 X,
2824 4109 2943 4165 261
2983 4104 3071 4166 ab
3105 4105 3237 4167 hac

523 4212 748 4276 forma
809 4212 1172 4288 recedunt;
1239 4216 1308 4273 at
1370 4213 1440 4272 in
1507 4218 1809 4292 utroque
1865 4214 2221 4275 invenitur
2284 4211 2576 4273 verbum
2640 4210 3100 4289 compositum
3150 4215 3237 4287 et,

524 4336 679 4380 cum
725 4317 1053 4379 Paulinus
1100 4334 1240 4379 non
1288 4316 1736 4379 abhorruerit
1782 4334 1822 4378 a
1872 4334 2161 4379 caesura
2224 4317 2295 4377 in
2362 4317 2562 4379 tmesi
2610 4316 2840 4396 posita
2888 4312 3004 4391 (cf.
3049 4313 3235 4376 inira

522 4439 587 4500 p.
634 4422 743 4499 55)
808 4421 980 4484 nihil
1045 4423 1327 4500 gravius
1375 4421 1626 4499 obstat,
1692 4422 1863 4503 quin
1910 4422 2219 4483 eiusdem
2265 4422 2558 4485 rationis
2604 4420 2733 4483 hos
2778 4436 3023 4481 versus
3080 4436 3236 4481 esse

733 4615 772 4676 ¹)
811 4612 951 4663 Cum
1010 4614 1116 4679 his,
1174 4625 1320 4677 quae
1365 4614 1534 4663 modo
1575 4614 1884 4672 attulimus,
1920 4614 2181 4664 conteras
2217 4626 2445 4676 quaeso,
2494 4626 2638 4676 quae
2674 4612 2753 4662 La
2789 4612 2974 4663 Roche
3020 4613 3056 4661 l.
3096 4612 3134 4664 l.
3174 4615 3235 4663 in

521 4717 578 4765 p.
617 4703 717 4753 124
736 4714 782 4751 s.
817 4701 890 4751 de
924 4701 1163 4764 Vergilii
1197 4702 1420 4752 ratione
1455 4702 1745 4765 proponit.
