3567 5109
506 427 797 507 λέγεσθαι
850 427 1067 496 καλῶς
1120 426 1351 489 εἴδωλα
1407 416 1569 489 εἶναι
1621 426 1695 488 τὰ
1748 432 1880 489 τῶν
1935 432 2184 507 νεκρῶν
2238 427 2522 507 σώματα,
2575 426 2684 489 τὸν
2731 426 2802 489 δὲ
2847 428 2994 489 ὄντα
3043 429 3232 509 ἡμῶν

506 535 769 597 ἕκαστον
814 534 1019 603 ὄντως
1064 534 1387 596 ἀθάνατον
1432 532 1602 605 εἶναι,
1652 533 1874 615 ψυχὴν
1921 533 2498 615 ἐπονομαζόμενον,
2543 534 2720 614 παρὰ
2765 534 2961 603 θεοὺς
3007 534 3236 603 ἄλλους

508 641 751 703 ἀπιέναι
788 688 802 701 .
842 689 857 702 .
914 636 1088 703 Sane
1137 637 1400 719 quidem
1448 638 1749 702 Platonis
1797 639 2127 703 sententia
2172 638 2304 703 alia
2349 644 2452 703 est
2497 645 2696 721 atque
2742 639 2812 702 in
2859 638 3228 704 Alcibiade.

506 744 683 810 Nam
728 745 865 809 illic
905 746 1185 827 scriptor
1224 750 1535 829 quattuor
1572 746 1932 809 sententias
1970 745 2227 823 evolvit,
2276 767 2555 828 quarum
2601 744 2791 810 binas
2829 746 3038 810 artius
3077 767 3230 811 con-

504 854 764 916 iunctas
800 873 943 915 esse
983 852 1193 935 quivis
1229 851 1408 916 videt
1444 852 1779 935 (opposita
1817 858 2000 915 sunt:
2039 854 2109 917 τὸ
2145 854 2584 936 παρεχόμενον
2621 856 2810 936 ἡμῶν
2847 856 3110 918 ἕκαστον
3145 891 3233 901 —-

505 959 975 1041 ἰνδαλλόμενον,
1012 960 1280 1023 εἴδωλον
1312 998 1396 1005 --
1427 961 1628 1029 ὄντως
1656 960 1980 1024 ἀθάνατον
2011 1010 2023 1022 .
2055 1010 2068 1022 .
2097 961 2322 1043 ψυχὴν
2359 961 2966 1043 ἐπονομαζόμενον).
3014 958 3234 1043 Caput

505 1064 698 1129 huius
745 1065 999 1146 periodi
1046 1071 1147 1129 est
1194 1065 1641 1129 demonstrare
1690 1065 1980 1129 animum
2027 1086 2296 1148 prorsus
2345 1064 2606 1129 differre
2646 1087 2686 1129 a
2725 1086 3028 1147 corpore3
3077 1075 3230 1130 ante

506 1177 785 1236 mortem
833 1171 1122 1235 animum
1168 1192 1311 1235 esse
1362 1192 1629 1235 causam
1676 1172 1916 1254 agendi
1955 1178 2022 1237 et
2059 1172 2394 1253 operandi,
2441 1173 2554 1254 qui
2601 1171 2870 1250 efficiat,
2912 1179 2990 1237 ut
3035 1173 3228 1238 homo

504 1278 835 1343 hominem
882 1300 951 1343 se
998 1278 1330 1360 praebeat,
1378 1299 1616 1361 corpus
1662 1300 1814 1343 vero
1869 1285 2211 1362 tamquam
2263 1278 2566 1343 umbram
2621 1279 2958 1343 hominem
3013 1280 3226 1362 sequi3

505 1392 659 1469 post
704 1392 979 1450 mortem
1027 1406 1263 1467 corpus
1309 1386 1404 1449 ita
1451 1385 1689 1462 delabi,
1734 1392 1811 1449 ut
1856 1386 2150 1467 corporis
2195 1392 2534 1469 tamquam
2579 1386 2799 1468 imago
2847 1387 2932 1451 ad
2979 1386 3228 1451 inferos

505 1494 862 1575 perveniat,
918 1494 1175 1557 animus
1231 1498 1471 1570 autem,
1524 1493 1595 1555 in
1651 1513 1781 1576 quo
1839 1514 1994 1557 vera
2049 1492 2332 1557 hominis
2397 1499 2638 1558 natura
2700 1494 2862 1557 insit
2909 1530 2995 1539 —-
3041 1497 3078 1558 ὅ
3133 1498 3230 1559 ὢν

508 1602 699 1682 ἡμῶν
724 1602 986 1670 ἕκαστος
1012 1602 1215 1669 ὄντως
1241 1600 1580 1671 ἀθάνατος,
1622 1600 1804 1683 ψυχὴ
1836 1602 2312 1682 ὀνομαζόμενος
2339 1637 2426 1645 -
2455 1600 2542 1663 ad
2571 1600 2728 1663 deos
2757 1600 3229 1681 proficiscatur.

507 1705 615 1769 Ex
658 1705 759 1768 his
808 1706 1094 1769 efficitur
1140 1706 1429 1769 animum
1467 1706 1552 1769 ad
1588 1706 1794 1784 ideas,
1839 1728 2076 1789 corpus
2116 1707 2202 1771 ad
2239 1728 2440 1771 vanas
2479 1728 2582 1771 res
2622 1707 2850 1771 mund-i
2885 1708 3231 1790 pertinere,

508 1834 662 1895 ergo
701 1834 913 1895 neque
952 1820 1105 1877 ante
1143 1833 1265 1877 nec
1302 1819 1455 1895 post
1498 1819 1777 1877 mortem
1823 1819 2127 1877 naturam
2175 1812 2457 1878 hominis
2503 1814 2571 1877 in
2621 1834 2897 1897 corpore
2944 1815 3228 1896 positam

508 1940 670 1996 esse,
708 1920 828 1983 sed
862 1921 929 1983 in
968 1920 1210 1984 animo.
1261 1918 1372 1984 Sic
1417 1919 1635 1984 locum
1680 1920 2248 2002 interpretandum
2296 1942 2438 1985 esse
2485 1926 2814 2002 putamus.
2865 1920 3041 2004 Quid
3077 1943 3229 1985 vero

508 2024 881 2089 Alcibiadis
911 2025 1232 2108 scriptor?
1280 2025 1538 2108 Corpus
1570 2026 1836 2090 omnino
1866 2027 2174 2110 neglegit.
2225 2026 2395 2091 Tum
2421 2028 2878 2110 unusquisque
2915 2027 3230 2092 facillime

505 2133 648 2196 fieri
693 2134 985 2215 potuisse
1026 2134 1358 2211 concedet,
1405 2140 1477 2197 ut
1519 2133 1637 2198 illa
1672 2133 1871 2197 verba
1915 2135 1986 2199 τὸ
2030 2136 2474 2217 παρεχόμενον
2519 2138 2710 2217 ἡμῶν
2757 2137 3020 2200 ἕκαστον
3065 2131 3230 2199 τοῦτ’

506 2242 659 2303 εἶναι
702 2241 906 2323 μηδὲν
961 2243 1094 2304 ἀλλ’
1150 2245 1186 2324 ἢ
1230 2242 1344 2324 τὴν
1392 2244 1612 2324 ψυχήν
1658 2246 1725 2304 et
1766 2242 1876 2305 τὸν
1921 2243 2072 2305 ὄντα
2119 2244 2310 2324 ἡμῶν
2355 2244 2618 2305 ἕκαστον
2663 2242 2864 2311 ὄντως
2910 2243 3232 2305 ἀθάνατον

507 2347 731 2429 ψυχὴν
777 2349 1337 2429 ἐπονομαζόμενον
1382 2346 1555 2411 falso
1604 2346 2141 2429 intellegerentur
2179 2368 2256 2411 ac
2295 2346 2576 2429 scriptor
2622 2346 3076 2412 substitueret:
3123 2350 3230 2412 τὸν

506 2454 863 2535 ἄνθρωπον
922 2458 1033 2539 (=
1090 2457 1279 2536 ἡμῶν
1332 2454 1623 2536 ἕκαστον)
1681 2456 1834 2518 εἶναι
1889 2458 2133 2537 ψυχήν,
2201 2454 2380 2537 quod
2433 2460 2704 2536 propter
2755 2452 2954 2518 verba
3007 2457 3232 2537 ψυχὴν

507 2562 1065 2644 ἐπονομαζόμενον
1112 2561 1245 2624 veri
1292 2560 1693 2625 simillimum
1749 2566 1874 2625 est.
1968 2561 2322 2625 Praeterea
2377 2561 2562 2625 locus
2617 2561 2798 2625 haud
2853 2560 3072 2625 facilis
3128 2572 3230 2625 est

506 2666 864 2731 intellectu.
960 2666 1109 2731 Nisi
1158 2690 1237 2731 ex
1283 2667 1407 2735 hoc
1454 2667 1599 2732 loco
1648 2668 1815 2733 mira
1861 2667 1978 2731 illa
2023 2668 2092 2731 in
2138 2666 2496 2751 Alcibiade,
2546 2668 2872 2732 sententia
2917 2668 3230 2750 explicari

507 2795 641 2839 non
686 2796 881 2856 posse
918 2774 1190 2838 videtur.
1242 2774 1541 2852 Accedit,
1588 2775 1765 2857 quod
1811 2774 1887 2853 is,
1937 2776 2047 2857 qui
2089 2773 2506 2839 Alcibiadem
2545 2776 2954 2857 conscripsit,
2997 2775 3230 2841 iisdem

510 2880 949 2946 conclusionis
976 2882 1189 2946 verbis
1226 2903 1383 2945 usus
1422 2888 1548 2961 est;
1593 2882 1777 2964 quod
1813 2902 1934 2963 pro
1971 2874 2130 2946 εἶναι
2167 2881 2434 2945 verbum
2472 2886 2836 2965 συμβαίνειν
2876 2881 3232 2960 substituit,

510 2989 795 3071 suspicio
845 2990 1041 3052 etiam
1088 2990 1297 3071 magis
1346 2996 1638 3071 augetur.

722 3092 1051 3177 Quoniam
1112 3096 1315 3178 igitur
1377 3116 1523 3159 eam
1586 3116 1850 3179 quoque
1915 3096 2326 3173 sententiam,
2395 3117 2678 3178 quacum
2732 3095 2848 3161 illa
2905 3096 3231 3160 artissime

509 3202 857 3266 coniuncta
925 3209 1042 3280 est,
1112 3222 1309 3286 quam
1366 3202 1699 3266 Hirzelius
1756 3224 2075 3267 summam
2123 3202 2367 3283 dialogi
2423 3223 2566 3266 esse
2612 3203 2881 3281 censuit,
2949 3225 3032 3267 ex
3075 3201 3230 3267 Pla-

506 3309 682 3373 tonis
747 3309 930 3373 libris
994 3310 1063 3373 in
1120 3308 1536 3373 Alcibiadem
1602 3309 1936 3391 dialogum
2001 3311 2320 3373 intrusam
2384 3331 2523 3373 esse
2591 3309 3032 3391 cognovimus,
3085 3330 3232 3373 eam

506 3416 773 3479 missam
818 3414 1165 3496 faciamus;
1214 3438 1427 3499 neque
1477 3416 1764 3480 dubitari
1813 3422 2048 3499 potest,
2102 3417 2260 3499 quin
2305 3416 2412 3479 hic
2457 3416 2623 3480 liber
2669 3416 2892 3479 multis
2928 3416 3229 3480 Platonis

506 3523 847 3587 sententiis
896 3523 1286 3605 compilatus
1325 3530 1519 3605 aptus
1558 3544 1691 3587 non
1720 3524 1940 3603 fuerit,
1993 3546 2120 3607 quo
2154 3522 2459 3587 Socrates
2499 3530 2728 3587 contra
2754 3521 3231 3587 Aristoxenum

508 3629 992 3710 defenderetur,
1042 3632 1428 3713 praesertim
1477 3652 1625 3694 cum
1664 3652 1745 3693 ex
1780 3630 1962 3694 nullo
2001 3629 2198 3694 verbo
2237 3651 2450 3712 neque
2488 3630 2690 3693 totius
2731 3629 2976 3712 dialogi
3015 3650 3228 3713 neque

508 3738 649 3800 eius
694 3736 843 3817 loci,
895 3738 976 3802 de
1026 3759 1155 3820 quo
1205 3739 1474 3821 egimuS‚
1525 3738 1832 3819 cognosci
1871 3744 2096 3819 posset
2133 3737 2527 3801 sententiam
2563 3736 2686 3799 viri
2717 3736 3055 3801 cuiusdam
3083 3758 3230 3819 per·-

508 3844 757 3926 stringi.
851 3845 1205 3909 Praeterea
1254 3844 1545 3909 divinum
1589 3844 1774 3923 illud,
1846 3844 2004 3927 quid
2053 3851 2242 3923 esset,
2311 3843 2765 3908 obscurissime
2815 3842 3062 3907 dictum
3109 3851 3226 3921 est,

510 3952 687 4034 quod
754 3953 1029 4015 maxime
1096 3958 1239 4015 erat
1302 3953 1739 4031 tractandum,
1811 3952 1866 4013 si
1928 3953 2000 4015 in
2063 3951 2189 4015 hac
2237 3972 2304 4013 re
2363 3949 2512 4013 finis
2567 3950 2771 4013 totius
2820 3949 3068 4032 dialogi
3113 3972 3230 4031 po·-

510 4058 673 4123 situs
721 4066 879 4121 erat.

722 4164 869 4229 Iam
932 4165 1060 4247 ipsi
1120 4166 1557 4249 exquiramus,
1628 4164 1790 4249 quid
1843 4164 2146 4246 scriptori
2200 4164 2270 4227 in
2317 4162 2668 4229 Alcibiade
2724 4163 2761 4226 1
2817 4164 3232 4246 propositum

511 4270 723 4335 fuerit.
770 4272 897 4336 Est
942 4281 1180 4352 autem,
1229 4274 1301 4338 ni
1346 4273 1655 4352 fallimur,
1702 4273 1906 4335 totius
1947 4272 2193 4353 dialogi
2223 4272 2552 4336 sententia
2579 4271 2771 4335 haec:
2819 4268 3226 4347 Alcibiadae,

512 4378 897 4443 adulescens
936 4379 1133 4461 plane
1170 4383 1643 4458 ,,ἀπαίόευτος“,
1681 4401 1818 4444 rem
1859 4378 2188 4461 publicam
2217 4376 2727 4444 Atheniensium
2766 4377 3230 4443 administran-

514 4486 665 4550 dam
713 4494 1135 4568 suscepturus
1182 4494 1297 4565 est,
1349 4488 1451 4550 cui
1491 4511 1531 4551 a
1571 4486 1842 4551 Socrate
1883 4486 2314 4569 persuadetur
2351 4508 2518 4565 eum,
2569 4508 2714 4551 cum
2752 4486 2892 4567 ipse
2933 4506 3014 4547 ne
3054 4484 3230 4548 rudi-

512 4600 730 4656 menta
800 4594 1065 4675 quidem
1132 4596 1491 4657 communis
1556 4596 1727 4657 vitae
1774 4616 1932 4657 usus
1979 4596 2162 4671 sciat,
2229 4592 2674 4657 Athenienses
2721 4591 2906 4656 nullo
2955 4590 3230 4654 consilio

512 4701 734 4763 iuvare
785 4722 992 4782 posse.
1040 4700 1435 4782 Priusquam
1483 4702 1657 4764 enim
1704 4701 1850 4765 aliis
1899 4703 2174 4766 suadere
2223 4702 2449 4783 possit,
2499 4700 2712 4783 ipsum
2759 4699 3004 4779 opt-ime
3043 4698 3230 4760 insti-
