3567 5109
1748 294 2190 359 -74-

603 505 840 587 quibus
888 506 1066 584 vixit,
1116 512 1416 570 sanctum
1464 504 1648 569 illum
1695 504 1765 568 in
1813 504 2196 569 memoriam
2241 504 2660 583 revocabant,
2711 505 2824 586 qui
2873 525 3020 569 eum
3069 504 3343 568 Medio·

604 611 741 677 lani
790 612 1283 695 disciplinarum
1330 611 1534 677 libros
1582 611 1866 677 scribere
1916 611 2210 693 coepisse
2259 618 2457 693 atque
2507 611 2858 675 maximam
2905 618 3159 694 partem
3207 611 3338 673 im-

604 718 932 803 perfectos
998 720 1339 802 reliquisse
1403 720 1582 785 haud
1645 720 2016 803 ignorabat,
2083 718 2474 803 fragmentis
2529 718 2660 785 illis
2718 720 2880 785 artis
2938 718 3336 784 dialecticae

600 833 803 909 atque
850 826 1213 893 rhetoricae
1252 827 1321 889 in
1360 826 1847 891 Mediolanensi
1893 825 2114 909 aliquo
2155 826 2380 891 codice
2419 827 2714 909 repertis,
2763 833 3110 908 utrumque
3149 824 3338 903 frag·

600 940 893 997 mentum
940 954 988 997 s.
1036 932 1414 1015 Augustino
1462 931 1733 997 tribuit?

816 1038 951 1104 Sed
1014 1040 1253 1103 dixerit
1317 1040 1643 1123 quispiam
1719 1039 2143 1119 monachum,
2211 1042 2324 1121 qui
2389 1040 2680 1105 codicem
2745 1040 3148 1103 Bernensem
3215 1039 3336 1101 de-

598 1147 879 1229 scripsit,
938 1168 1017 1211 ex
1074 1146 1205 1211 alio
1263 1146 1488 1211 codice
1548 1147 1941 1230 comperisse
1993 1145 2436 1231 Augustinum
2483 1146 2872 1211 dialecticae
2917 1152 3114 1228 atque
3163 1146 3333 1210 artis

601 1254 969 1319 rhetoricae
1016 1254 1193 1317 illius
1239 1275 1381 1318 esse
1430 1261 1784 1319 auctorem.
1854 1252 2039 1337 Quae
2087 1252 2230 1319 fieri
2275 1254 2567 1336 potuisse
2614 1253 2879 1317 minime
2927 1254 3332 1335 negaverim.

596 1358 837 1442 Itaque
886 1359 1336 1443 circumspexi,
1387 1360 1563 1425 unde
1602 1360 2032 1443 plurimorum
2073 1359 2432 1444 Augustini
2471 1360 3066 1443 manuscriptorum
3111 1380 3331 1423 sume-

596 1487 740 1530 rem
788 1468 1105 1531 notitiam.
1156 1466 1292 1532 Sed
1330 1488 1475 1531 cum
1515 1468 2010 1532 accuratissima
2037 1466 2154 1533 illa
2184 1468 2631 1551 disputatione
2660 1466 2980 1531 Richardi
3009 1465 3330 1531 Kukulae

599 1572 679 1636 de
728 1572 1184 1637 Maurinorum
1233 1594 1505 1655 operum
1550 1596 1601 1637 s.
1650 1572 2010 1657 Augustini
2057 1573 2346 1639 editione
2395 1574 2668 1639 edoctus
2713 1595 2922 1638 essem
2961 1574 3134 1637 viros
3173 1572 3330 1635 illos

600 1679 829 1744 doctos
878 1680 1117 1743 multos
1167 1680 1428 1744 codices
1475 1682 1881 1763 congessisse
1929 1688 2126 1765 atque
2175 1680 2578 1759 adhibuisse,
2627 1682 2738 1763 qui
2785 1687 3018 1763 postea
3056 1680 3326 1744 omnino

600 1787 993 1869 perierunt¹,
1062 1786 1417 1851 monachos
1482 1786 1631 1852 illos
1689 1788 1771 1852 de
1818 1787 2178 1871 Augustini
2235 1789 2496 1871 scriptis
2554 1788 2798 1870 optime
2855 1788 3120 1852 meritos
3167 1808 3326 1851 con·

598 1892 910 1957 sulendos
959 1914 1099 1957 esse
1148 1894 1530 1959 existimavi.
1622 1893 1753 1978 Qui
1800 1895 2220 1960 Benedictini
2267 1896 2519 1960 sincere
2577 1895 2866 1959 fatentur
2913 1916 2983 1959 se
3031 1897 3327 1977 quinque

597 1999 860 2082 quidem
890 2000 1149 2065 codices
1190 2002 1672 2085 manuscriptos
1702 2003 2050 2081 invenisse,
2081 2003 2150 2066 in
2182 2001 2417 2086 quibus
2445 2002 2886 2085 fragmentum
2914 2000 3324 2078 dialecticae,

598 2107 775 2191 quod
842 2110 1509 2187 commemoravimuS,
1586 2108 1962 2193 Augustino
2031 2109 2521 2189 attribueretur,
2595 2110 3040 2194 fivymentum
3099 2116 3324 2173 autem

596 2216 765 2279 illud
805 2216 879 2279 de
924 2221 1061 2279 arte
1111 2216 1425 2281 rhetoric-a
1472 2238 1549 2281 ne
1598 2218 1667 2281 e'n
1720 2240 1851 2283 emo
1897 2218 2156 2302 quidem
2212 2218 2416 2282 wdiee
2475 2218 2919 2301 mnu-scripto
2975 2238 3040 2281 se
3097 2238 3321 2299 reppe-

596 2324 773 2387 risse.
826 2320 1021 2405 Quod
1058 2324 1505 2387 testimonium
1545 2324 1812 2388 testium
1849 2324 2028 2389 haud
2058 2324 2615 2407 spernendorum*
2655 2344 2730 2387 eo
2773 2324 2978 2405 magis
3017 2321 3102 2387 ad
3139 2322 3319 2387 labe·

595 2427 979 2494 factandam
1026 2430 1271 2493 codicis
1310 2430 1667 2495 Bernensis
1716 2432 2177 2496 auctoritatem
2217 2430 2410 2510 valet,
2461 2452 2589 2513 quo
2631 2430 2862 2496 melius
2901 2436 3322 2513 perspectum

592 2536 929 2615 habemuS,
982 2542 1229 2620 quanta
1279 2538 1522 2619 pietate
1572 2537 1873 2603 omnibus
1919 2539 2324 2621 temporibus
2363 2561 2413 2603 s.
2455 2538 2816 2621 Augustini
2853 2539 3100 2620 scripta
3138 2536 3320 2601 culta

594 2643 745 2721 sint,
812 2644 907 2707 ita
970 2649 1043 2707 ut
1108 2665 1241 2707 non
1312 2642 1524 2709 solum
1588 2666 1842 2709 summa
1907 2666 2052 2709 cum
2119 2645 2465 2728 diligentia
2532 2644 3060 2709 describerentur
3117 2649 3318 2725 atque

595 2755 1031 2829 servarentur,
1098 2750 1213 2815 sed
1280 2752 1479 2815 etiam
1536 2772 1669 2816 non
1724 2772 1874 2817 raro
1923 2750 2118 2816 flores
2165 2752 2338 2817 falso
2387 2752 2607 2817 studio
2657 2773 2736 2815 ex
2781 2750 3062 2816 aliorum
3109 2750 3316 2815 hortis

592 2858 885 2940 decerpti
930 2858 991 2921 ei
1039 2864 1584 2941 supponerentur.
1636 2858 1707 2923 Si
1754 2860 1957 2941 igitur
2003 2864 2070 2923 in
2117 2866 2308 2925 tanta
2344 2860 2646 2925 codicum
2685 2858 3124 2937 multitudine,
3175 2858 3316 2939 qui-

806 3036 824 3069 ¹
862 3036 947 3089 Cf.
988 3036 1235 3089 Annales
1274 3036 1451 3089 Acad.
1491 3039 1684 3089 scient.
1728 3036 1972 3090 Vindob.
2011 3038 2121 3090 vol.
2163 3038 2280 3090 121.
2323 3038 2439 3091 122.
2483 3038 2601 3091 127.
2644 3037 2771 3104 1383
2822 3038 2910 3089 cui
2949 3036 3313 3104 disputationi

588 3125 829 3177 indicem
868 3125 1051 3177 dedit:
1092 3126 1223 3178 ‘Die
1262 3124 1548 3178 Mauriner
1586 3126 1849 3193 Ausgabe
1890 3126 1984 3179 des
2023 3126 2387 3195 Augustinus
2436 3126 2545 3179 Ein
2583 3126 2812 3194 Beitrag
2848 3144 2942 3178 zur
2981 3124 3312 3178 Geschichte

588 3214 687 3267 der
716 3212 999 3267 Literatur
1028 3214 1141 3267 und
1171 3214 1268 3267 der
1294 3213 1507 3267 Kirehe
1537 3216 1613 3267 im
1642 3214 1912 3268 Zeitalter
1943 3214 2204 3283 Ludwigs
2227 3214 2413 3269 XIV’.
2453 3215 2601 3269 Vide
2629 3216 2739 3268 vol.
2763 3214 2881 3278 138,
2910 3232 2964 3283 p.
2983 3214 3044 3267 4:
3084 3212 3314 3267 ‘Unter-

586 3303 726 3368 liegt
754 3320 811 3355 es
838 3302 983 3356 doch
1012 3303 1169 3356 nicht
1196 3303 1323 3356 dem
1350 3306 1675 3373 geringsten
1701 3304 1947 3370 Zweifel,
1987 3304 2098 3358 dass
2130 3304 2238 3358 den
2269 3304 2593 3357 Maurinern
2623 3306 2681 3357 in
2709 3304 2808 3357 der
2836 3303 3312 3373 Augustinischen

590 3390 907 3443 Textkritik
946 3392 1242 3444 besonders
1283 3391 1650 3446 franziisische
1690 3392 2135 3447 Handschriften
2173 3412 2284 3447 von
2327 3394 2562 3463 grossem
2601 3394 2764 3447 Alter
2801 3394 2916 3448 und
2952 3393 3127 3447 hoher
3165 3394 3312 3446 Giite

588 3498 682 3532 zur
730 3478 1064 3549 Verfiigung
1120 3480 1355 3533 standen
1410 3481 1525 3533 und
1580 3482 1691 3535 dass
1749 3482 1923 3535 daher
1988 3484 2106 3537 ihre
2163 3482 2779 3553 LAA.-Sammlungen
2843 3482 3018 3536 sehon
3079 3482 3309 3535 deshalb

588 3568 746 3622 nicht
802 3569 1181 3623 unterschiitzt
1226 3570 1448 3623 werden
1495 3570 1711 3638 diirfen,
1768 3573 1890 3625 weil
1937 3574 2028 3626 ein
2066 3573 2224 3626 nicht
2262 3572 2773 3627 unbetriichtlicher
2811 3570 2934 3625 Teil
2969 3589 3078 3625 von
3115 3570 3310 3625 Hand·

588 3656 855 3711 schriften
909 3658 1066 3725 jener
1104 3656 1228 3710 Zeit
1282 3658 1415 3711 bald
1472 3660 1614 3713 nach
1652 3658 2016 3731 Vollendung
2072 3663 2169 3716 der
2219 3662 2586 3731 Bibliothquae
2629 3662 2721 3715 des
2767 3660 2929 3715 Peras
2973 3660 3118 3713 11αο11
3167 3662 3310 3713 allen

590 3746 953 3815 Richtungen
990 3746 1087 3799 der
1127 3746 1423 3800 KVindrose
1462 3754 1745 3815 zerstreut,
1786 3768 1895 3804 von
1934 3750 2282 3805 Entlehnern
2329 3752 2696 3820 verschleppt,
2752 3750 3061 3819 gestohlen,
3117 3752 3177 3803 in
3213 3750 3310 3803 der

588 3835 1069 3891 Revolutionszeit
1108 3853 1217 3888 von
1254 3834 1611 3891 fliichtenden
1648 3837 1934 3894 Miinchen
1973 3842 2429 3907 niitgenommen‚
2485 3840 2818 3893 verschcnkt
2863 3839 2997 3895 oder
3033 3838 3308 3899 verkauft,

587 3925 763 3979 durch
802 3924 1218 3979 Schadenfeuer
1258 3924 1391 3978 oder
1428 3926 1774 3994 pliindernde
1814 3928 2048 3981 Banden
2087 3929 2403 3983 vernichtet
2440 3929 2626 3982 wurde
2667 3967 2893 3981 .....
2959 3928 3030 3981 .Ῑο
3069 3930 3308 3995 wenigcr

586 4014 923 4069 verlockend
961 4014 1077 4067 und
1114 4015 1449 4083 erfolgreich
1488 4016 1603 4069 also
1642 4020 1808 4070 unter
1835 4019 2102 4086 gewissen
2131 4016 2480 4071 Umstfinden
2511 4019 2600 4071 die
2629 4018 2669 4071 J
2672 4018 2783 4087 agd
2808 4017 2953 4071 nach
2983 4016 3308 4071 vex-lorenen

586 4104 720 4157 oder
758 4104 1171 4157 verschollenen
1210 4102 1657 4157 Handschriften
1694 4123 1760 4158 zu
1799 4106 2018 4159 werden
2057 4107 2402 4175 verspriiche,
2461 4124 2556 4159 um
2603 4125 2662 4160 so
2703 4106 2944 4176 weniger
2979 4105 3160 4159 meine
3198 4106 3304 4172 1011,

585 4194 808 4245 konnen
847 4193 935 4245 dic
980 4192 1199 4246 Wiener
1237 4192 1627 4263 Herausgeber
1674 4194 1769 4247 des
1809 4196 2155 4263 Augustinus
2203 4196 2298 4248 auf
2344 4197 2441 4249 das
2492 4196 2785 4249 Materiale
2823 4195 2918 4249 des
2958 4196 3098 4265 App.
3135 4194 3304 4247 Bene-

583 4283 619 4333 d
626 4282 923 4334 ictinorum
962 4281 1277 4335 verzichten
1290 4283 1321 4334 '.

798 4369 819 4403 ²
848 4370 1009 4439 Quod
1039 4375 1223 4423 exstat
1248 4372 1309 4423 in
1337 4371 1643 4439 appendice
1672 4372 1741 4424 ad
1770 4372 2032 4425 volumen
2071 4372 2098 4424 1
2133 4374 2196 4426 15
2226 4380 2284 4427 et
2311 4374 2396 4428 35.
2437 4374 2506 4427 In
2535 4390 2660 4443 pag.
2685 4375 2752 4427 15
2781 4373 2850 4427 de
2877 4373 3172 4427 dialectica
3199 4372 3304 4426 hoc

583 4459 810 4512 dicitur:
871 4458 1251 4529 „Opusculum
1298 4460 1449 4513 istud
1496 4462 1830 4529 castigatum
1877 4466 1962 4514 est
1998 4461 2068 4514 de
2113 4479 2257 4516 novo
2297 4463 2366 4515 ad
2406 4462 2485 4515 M.
2525 4462 2581 4515 S.
2621 4461 2679 4516 S.
2717 4464 2975 4531 quinque,
3011 4463 3070 4514 111
3106 4461 3303 4529 quibus

582 4547 903 4600 inscribitur
952 4548 1246 4600 Tractatus
1295 4548 1363 4600 de
1410 4549 1704 4601 dialectica
1752 4554 1810 4601 et
1847 4550 2165 4617 Augustino
2211 4551 2492 4605 tribuitur.
2566 4551 2648 4604 At
2685 4550 2858 4605 Chirii
2913 4549 3302 4605 Fortunatiani

582 4637 805 4689 nomine
844 4636 1057 4688 editum
1086 4642 1169 4688 est
1199 4636 1449 4689 Basileae
1490 4654 1537 4689 a.
1562 4638 1749 4690 1558.“
1792 4637 1861 4690 In
1897 4656 2025 4707 pag.
2057 4645 2242 4693 autem
2274 4641 2358 4693 35.
2389 4641 2456 4693 de
2487 4639 2806 4708 fragmento
2834 4641 2967 4693 artis
2995 4638 3302 4693 rhetoricae

580 4724 718 4776 haec
776 4722 1142 4775 adnotantur:
1220 4724 1527 4792 „Opust-odi
1578 4725 1747 4778 leuius
1793 4728 2065 4795 exemplar
2111 4728 2282 4781 ullum
2324 4728 2398 4781 M.
2441 4728 2496 4781 S.
2535 4746 2647 4781 mm
2690 4728 3051 4797 repperimus.
3100 4728 3302 4780 Aue-tm·

576 4829 777 4879 ymera
816 4811 1071 4864 cocabula
1106 4812 1249 4864 citra
1286 4813 1650 4865 necessitatem
1692 4820 1920 4882 usurpat
1959 4822 2143 4870 eontra
2185 4834 2384 4870 morem
2425 4816 2778 4886 Auyeeste'm‘.“
