3567 5109
1425 295 1901 359 -105—

317 497 458 547 rum,
513 489 576 534 ut
632 497 1006 546 personarum
1048 485 1350 547 dignitates
1407 487 1611 550 ferunt,

317 571 365 618 ci
420 579 546 620 sunt
603 572 659 620 in
701 585 764 621 eo
819 586 1023 634 genere
1079 572 1352 621 laudandi
1409 573 1611 637 laudis,

317 659 468 720 quod
507 672 612 720 ego
649 665 844 721 aptum
902 665 954 708 ct
1009 673 1327 721 congruens
1364 660 1610 709 nominc.

455 746 524 796 de
562 745 654 796 Or.
706 746 793 795 111
831 749 923 796 97:
966 747 1155 796 Genus
1193 747 1372 808 igitur
1426 747 1611 796 dicen·

316 833 371 882 di
411 838 492 882 est
530 833 870 896 eligendum,
919 834 1068 896 quod
1127 834 1373 884 maxime
1427 840 1612 884 teneat

315 933 424 984 eos,
463 921 560 983 qui
598 920 850 970 audiant.

456 1008 526 1058 de
581 1008 675 1058 Or.
722 1008 813 1058 111
863 1009 988 1060 210:
1016 1045 1026 1057 .
1058 1046 1110 1059 ..
1150 1007 1504 1072 Quamquam
1553 1009 1612 1058 id

315 1095 546 1159 quidem
584 1096 951 1158 perspicuum
989 1100 1087 1158 est,
1126 1109 1242 1146 non
1281 1097 1436 1147 omni
1483 1109 1612 1147 cau-

313 1196 408 1234 sae
445 1195 550 1232 nec
587 1183 840 1234 auditori
877 1196 1060 1245 neque
1097 1195 1375 1246 personae
1428 1196 1614 1246 neque

313 1271 553 1334 tempori
579 1283 890 1334 congruere
915 1271 1188 1321 orationis
1216 1285 1392 1322 unum
1421 1283 1612 1334 genus.

1226 1394 1478 1458 Isidor.
1527 1413 1593 1475 p.
1645 1401 1791 1469 515,
1845 1397 2113 1457 19—25.

523 1520 766 1582 Latine
814 1525 1042 1581 autem
1090 1525 1158 1580 et
1202 1519 1567 1598 perspicue
1623 1516 2063 1597 loquendum.
2128 1517 2368 1583 Latine
2417 1523 2646 1581 autem
2694 1520 3015 1599 loquitur,

315 1625 434 1701 qui
480 1623 700 1685 verba
724 1640 964 1685 rerum
1011 1640 1172 1685 vera
1220 1629 1287 1686 et
1333 1623 1673 1685 naturalia
1712 1625 2159 1702 persequitur
2204 1640 2329 1685 nec
2377 1641 2415 1685 a
2460 1640 2777 1686 sermone
2809 1630 3019 1704 atque

313 1727 504 1788 cultu
551 1730 934 1806 praesentis
983 1729 1321 1806 temporis
1369 1728 1732 1807 discrepat.
1780 1725 1964 1788 Huic
2010 1744 2153 1789 non
2200 1730 2289 1788 sit
2334 1731 2499 1790 satis
2545 1728 2801 1804 videre,
2848 1729 3017 1808 quid

315 1829 516 1908 dicat,
553 1831 686 1894 nisi
733 1831 806 1893 id
839 1849 1116 1911 quoque
1163 1839 1402 1911 aperte
1433 1838 1502 1895 et
1533 1832 1846 1894 suaviter
1879 1830 2123 1904 dicere,
2171 1850 2257 1893 ne
2302 1831 2374 1893 id
2410 1831 2685 1910 quidem
2734 1839 3018 1908 tantum,

315 1937 446 1996 nisi
491 1935 581 2010 id,
631 1937 818 2014 quod
866 1937 1068 2011 dicat,
1118 1943 1184 1998 et
1229 1936 1448 1998 facete
1467 1936 1512 2013 ι)
1562 1935 1760 1998 dicat.

860 2076 1074 2127 CiccrO.
1670 2071 1676 2119 1
2167 2073 2568 2132 Quintilianus.

455 2180 549 2230 Or.
588 2181 679 2231 79:
719 2179 914 2230 Sermo
940 2193 1120 2244 purus
1145 2180 1252 2230 erit
1278 2185 1332 2229 et
1356 2179 1612 2238 Latinus;
1866 2179 1998 2227 vm
2058 2181 2102 2242 1,
2162 2181 2213 2227 1:
2256 2179 2337 2228 Ea
2392 2179 2675 2239 (elocutio)
2732 2185 3020 2243 spectatur

315 2267 569 2318 dilucide
607 2268 892 2330 planeque
929 2267 1178 2323 dicetur;
1219 2267 1358 2330 quid
1397 2267 1612 2324 deceat,
1721 2266 1917 2316 verbis
1977 2271 2073 2315 aut
2112 2263 2347 2328 singulis
2402 2271 2499 2315 aut
2546 2265 2879 2316 coniunctis.
2952 2267 3019 2315 In

314 2355 827 2417 circumspicietur3
917 2369 1094 2406 unum
1165 2355 1368 2420 aberit,
1459 2355 1611 2416 quod
1668 2330 1674 2431 ι
1719 2353 1963 2414 singulis
1998 2353 2335 2403 intuendum
2374 2357 2473 2415 est,
2534 2359 2596 2402 ut
2649 2354 2761 2404 sint
2800 2354 3017 2418 Latina,

315 2445 580 2503 quartum
618 2446 884 2492 numerat
919 2442 1340 2506 Theophrastus
1387 2443 1447 2491 in
1485 2454 1612 2492 ora·
1669 2436 1673 2459 ¹
1723 2440 2039 2503 perspicua,
2078 2445 2296 2498 ornata,
2352 2439 2423 2488 ad
2464 2440 2542 2507 id,
2598 2441 2750 2503 quod
2790 2441 3021 2492 efficere

315 2528 484 2578 tionis
520 2528 808 2593 laudibus,
847 2534 1110 2580 ornatum
1151 2530 1314 2594 illud,
1339 2542 1513 2579 suave
1559 2535 1612 2578 et
1669 2592 1674 2605 Ι
1721 2527 2006 2584 volumus,
2035 2526 2487 2577 accommodata:
2514 2528 2574 2576 in
2601 2529 2932 2592 coniunctis,
2960 2535 3019 2578 ut

315 2615 574 2667 affluens.
1669 2614 1674 2623 “
1723 2613 2039 2676 emendata,
2077 2619 2137 2662 ut
2179 2620 2309 2676 apte
2336 2615 2629 2677 collocata,
2666 2621 2729 2664 ut
2756 2616 3017 2678 figurata.

454 2704 524 2754 de
563 2704 656 2756 Or.
714 2705 804 2754 111
841 2707 936 2756 st:
995 2705 1242 2762 Quinam
1303 2707 1475 2769 igitur
1527 2709 1610 2757 di·
1669 2734 1674 2765 .
1867 2701 1997 2750 VIII
2036 2703 2085 2762 3,
2141 2703 2235 2752 24:
2266 2737 2277 2749 .
2307 2740 2317 2752 .
2345 2739 2357 2750 .
2384 2702 2631 2764 propriis
2690 2702 3019 2765 dignitatem

313 2791 478 2841 cendi
535 2797 618 2842 eet
671 2792 874 2842 modus
929 2793 1130 2843 melior
1158 2832 1169 2843 ,
1203 2830 1266 2858 „‚
1323 2808 1494 2857 quam
1550 2801 1614 2845 ut
1669 2788 1674 2909 Ἰ
1724 2789 1821 2837 dat
1872 2787 2180 2850 antiquitas
2217 2825 2268 2837 ..
2298 2823 2310 2835 .
2346 2791 2438 2840 25:
2476 2828 2489 2840 .
2526 2824 2539 2839 .
2566 2826 2579 2838 .
2615 2791 2713 2840 sed
2752 2792 3019 2840 utendum

315 2879 526 2942 Latine,
573 2885 636 2929 ut
689 2880 880 2944 plane,
915 2887 976 2932 ut
1027 2887 1246 2947 ornate,
1285 2887 1348 2933 ut
1407 2884 1478 2933 ad
1537 2884 1614 2948 id,
1724 2876 1892 2925 modo
1927 2888 2030 2926 nec
2067 2889 2135 2925 ex
2173 2877 2387 2926 ultimis
2413 2877 2661 2928 tenebris
2698 2879 3019 2941 repetenda.

315 2967 720 3028 quodcumque
738 2972 957 3032 agetur,
977 2974 1109 3032 apte
1131 2976 1616 3035 congruenterque
1669 2924 1676 3053 ι
1725 2964 1860 3013 VIII
1903 2966 1947 3026 1,
1988 2966 2043 3014 2:
2070 3004 2081 3016 .
2110 3000 2123 3013 .
2152 3003 2162 3013 .
2192 2964 2284 3014 hic
2322 2979 2436 3014 non
2497 2965 2743 3014 alienum
2800 2971 2882 3015 est
2922 2966 3020 3016 ad·

317 3054 588 3105 dicamus.
1671 3064 1676 3111 2
1725 3063 1967 3115 monere,
2005 3056 2068 3101 ut
2103 3053 2213 3100 siut
2254 3066 2425 3112 quam
2456 3053 2685 3101 minime
2710 3054 3023 3114 peregrina

455 3141 526 3192 de
565 3141 658 3190 Or.
715 3142 803 3193 111
851 3145 943 3194 39:
1017 3143 1211 3206 Neque
1267 3151 1451 3196 tamen
1509 3147 1618 3198 erit
1671 3138 1676 3241 ἱ
1725 3143 1777 3187 et
1818 3145 2066 3188 externa.

315 3229 591 3280 utendum
629 3230 819 3280 verbis
853 3231 952 3296 eis,
990 3233 1200 3294 quibus
1236 3233 1350 3282 iam
1387 3247 1616 3286 consue-

315 3316 455 3368 tudo
491 3321 686 3367 nostra
723 3331 838 3368 non
873 3319 1072 3378 utitur,
1109 3319 1220 3370 nisi
1257 3323 1489 3382 quando
1526 3336 1616 3374 or-

314 3405 491 3454 nandi
529 3417 698 3456 cauea
736 3418 922 3467 parce.
1671 3430 1675 3471 ;

455 3493 526 3542 de
562 3491 658 3542 Or.
697 3492 784 3543 111
822 3495 917 3544 40:
963 3495 1150 3557 Atque
1195 3501 1258 3546 ut
1296 3495 1494 3545 Latine
1533 3498 1613 3546 lo-
1671 3526 1675 3577 Ι

315 3591 578 3644 quamnr,
617 3593 732 3630 non
770 3581 950 3631 solum
979 3582 1291 3632 videndum
1330 3589 1428 3647 eet,
1466 3589 1528 3633 ut
1564 3589 1617 3632 et

315 3666 493 3716 verba
527 3665 834 3716 efferamus
869 3679 954 3734 ea,
991 3680 1140 3730 quae
1177 3681 1343 3718 nemo
1368 3669 1494 3719 iure
1529 3683 1616 3720 re-

315 3753 674 3816 prehendat.
701 3789 714 3804 .
743 3791 778 3820 .,
813 3755 910 3806 sed
947 3757 1119 3810 etiam
1157 3756 1356 3818 lingua
1412 3763 1466 3806 et
1503 3759 1613 3820 spi·

315 3841 458 3891 ritus
495 3845 552 3891 et
585 3841 744 3892 vocis
767 3854 938 3892 sonus
965 3848 1049 3894 eet
1085 3843 1208 3905 ipse
1235 3844 1615 3896 moderandus
1669 3864 1674 3893 ι

317 3967 330 3982 .
358 3964 372 3978 .
401 3967 412 3978 .
441 3930 536 3979 42:
575 3928 682 3979 Sed
723 3929 872 3979 hanc
909 3929 1039 3980 dico
1075 3931 1430 3994 suavitatem,
1469 3945 1614 3993 quae
1669 3962 1672 3993 :

315 4017 436 4066 exit
467 4028 540 4066 ex
565 4025 688 4077 στος
727 4028 872 4078 quae
897 4017 1123 4078 quidem
1161 4025 1222 4068 ut
1263 4017 1416 4080 apud
1444 4017 1614 4069 Grae·-

315 4117 411 4154 eos
465 4105 801 4168 Atticorum,
855 4106 938 4156 sic
993 4106 1054 4155 in
1101 4105 1304 4156 Latino
1356 4118 1616 4156 sermone

319 4193 484 4242 huius
518 4199 601 4242 est
639 4191 800 4244 urbis
838 4193 1083 4244 maxime
1119 4194 1370 4256 propria.

383 4291 525 4300 -----—
568 4293 673 4302 —·-—
702 4292 730 4298 ...

528 4347 571 4412 ¹)
610 4349 842 4400 Codices
865 4349 1094 4412 quidem
1123 4362 1294 4399 manu
1333 4350 1534 4412 scripti
1574 4351 1678 4400 has
1703 4351 1971 4400 exhibent
2011 4350 2307 4404 lectiones:
2348 4357 2393 4400 et
2418 4351 2610 4414 j'acere
2648 4352 2706 4417 F,
2731 4353 2921 4415 sec-eru
2946 4353 3019 4418 A;

317 4437 570 4491 Grialius
605 4441 792 4488 autem
830 4437 1094 4489 coniecit:
1132 4441 1180 4486 et
1203 4435 1383 4499 facete
1407 4433 1563 4485 dicat.
1602 4437 1708 4488 Cui
1735 4437 2001 4488 accedere
2039 4451 2152 4489 non
2180 4439 2405 4500 dubit03
2448 4451 2577 4488 nam
2606 4439 2867 4489 codicum
2905 4441 3019 4490 lec-

317 4525 496 4575 tiones
531 4524 868 4575 sententiam
919 4529 1106 4586 aptam
1165 4538 1277 4574 non
1317 4523 1592 4576 efficiunt.
1649 4526 1949 4576 Praeterea
1985 4525 2259 4575 facillime
2314 4525 2443 4576 fieri
2481 4527 2681 4590 potuit,
2738 4532 2799 4576 ut
2840 4525 3021 4589 facete

317 4617 781 4675 corrumperetur
831 4612 892 4661 in
933 4610 1142 4676 sacer-e,
1182 4626 1294 4675 quo
1321 4612 1470 4662 tacto
1509 4614 1748 4664 verbum
1786 4613 2013 4663 videtur
2050 4613 2338 4662 excidisse.
2378 4613 2487 4662 Sed
2526 4615 2714 4664 nescio
2772 4627 2845 4664 an
2883 4616 3017 4665 scri-

319 4700 564 4751 bendum
590 4702 687 4752 sit:
710 4697 897 4762 facete
921 4697 1102 4764 dicere,
1129 4699 1264 4762 quia
1290 4701 1663 4759 enuntiatum,
1691 4701 1844 4763 quod
1872 4699 2166 4763 antecedit,
2196 4700 2389 4748 eodem
2422 4701 2586 4750 modo
2624 4709 3019 4765 comparatum

318 4791 414 4850 est,
449 4787 546 4852 ita,
583 4793 645 4838 ut
684 4794 995 4850 utrumque
1031 4787 1272 4851 pendeat
1314 4801 1381 4838 ex
1421 4789 1520 4838 illo
1561 4789 1628 4837 nit
1667 4789 1811 4838 satia.
