3567 5109
1449 309 1923 373 -107—

334 533 460 575 cant
525 527 792 576 Atticum.
865 525 1206 575 Summissus
1269 530 1350 572 est
1413 529 1466 572 ct
1531 524 1628 570 hu·
1699 593 1707 600 -

338 613 501 662 milis.

472 701 563 751 Or.
605 703 696 752 98:
724 739 736 752 .
767 739 776 748 .
806 735 820 752 .
859 699 1077 750 Medius
1100 699 1198 748 ille
1226 701 1426 758 autem,
1465 708 1632 758 quem

333 786 618 838 modicum
657 793 711 838 et
748 791 1124 850 temperatum
1163 799 1304 835 voco
1332 823 1342 835 .
1370 819 1383 832 .
1411 819 1425 834 .
1451 821 1464 834 .

471 875 565 926 Or.
606 877 699 926 97:
737 875 954 924 Tertius
1000 877 1082 924 est
1126 873 1224 923 ille
1263 873 1504 935 amplus,
1542 883 1631 920 co-

335 965 544 1028 piosus,
577 963 787 1028 gravis,
825 967 1073 1013 ornatus.

475 1052 568 1101 Or.
613 1053 736 1102 100:
765 1087 779 1100 .
807 1086 819 1099 .
848 1085 861 1100 .
887 1086 901 1100 .
941 1051 996 1100 Is
1033 1055 1116 1100 est
1153 1051 1305 1099 enim
1345 1048 1634 1110 eloquens,

338 1140 435 1201 qui
481 1143 536 1189 et
571 1139 812 1188 humilia
849 1137 1137 1189 subtiliter
1174 1143 1227 1187 et
1266 1148 1470 1198 magna
1507 1145 1636 1196 gra-

336 1225 483 1276 viter
502 1229 558 1275 et
589 1224 902 1274 mediocria
923 1228 1229 1286 temperate
1250 1227 1429 1286 potest
1451 1221 1638 1270 dicere

338 1312 427 1374 (ct.
470 1314 605 1376 101).

478 1399 574 1450 Or.
611 1403 704 1450 70:
733 1438 745 1450 .
774 1436 787 1448 .
817 1436 830 1451 .
859 1435 872 1448 .
910 1398 1050 1448 Nam
1097 1404 1151 1448 et
1177 1397 1470 1457 Iudicabit,
1497 1396 1637 1457 quid

338 1488 542 1550 cuique
594 1499 738 1549 opus
793 1488 878 1550 sit,
917 1491 972 1536 ct
1018 1487 1242 1549 poterit,
1279 1497 1640 1548 quocumque

337 1575 508 1626 modo
546 1573 862 1637 postulabit
897 1585 1084 1638 causa,
1123 1574 1327 1625 dicere.

481 1664 576 1714 Or.
619 1663 744 1714 123:
771 1697 784 1710 .
811 1697 824 1712 .
853 1700 866 1713 .
894 1699 906 1710 .
945 1660 1086 1710 Nam
1137 1673 1239 1710 nec
1273 1673 1494 1722 semper
1539 1673 1641 1709 nec

343 1752 494 1816 apud
543 1762 738 1800 omnes
773 1763 879 1800 nec
926 1755 1122 1799 contra
1160 1761 1351 1798 omnes
1397 1761 1500 1798 nec
1537 1761 1642 1810 pro

341 1840 608 1890 omnibus
627 1851 730 1888 nec
752 1839 1016 1887 omnibus
1044 1838 1241 1888 eodem
1265 1837 1432 1886 modo
1455 1837 1640 1886 dicen-

345 1928 476 1976 dum
522 1927 803 1977 arbitror.
829 1965 840 1978 .
864 1965 876 1978 .
899 1965 911 1976 .
928 1964 941 1990 2
969 1931 1030 1976 ut
1054 1926 1306 1988 quidque
1325 1925 1436 1975 erit
1455 1925 1643 1974 dicen-

345 2015 496 2080 dum,
557 2013 636 2063 ita
673 2012 836 2077 dicet,
891 2025 996 2062 nec
1047 2018 1242 2063 satura
1296 2012 1486 2062 ieiune
1541 2025 1645 2061 nec

345 2099 588 2164 grandia
629 2100 845 2150 minute
883 2112 986 2150 nec
1011 2099 1142 2149 item
1174 2104 1388 2162 contra,
1414 2100 1514 2149 sed
1539 2099 1646 2148 erit

347 2189 518 2239 rebus
589 2188 727 2252 ipsis
799 2201 905 2250 par
978 2192 1032 2237 et
1103 2184 1356 2249 aequalis
1446 2188 1646 2237 oratio.

487 2277 558 2326 de
581 2277 676 2325 Or.
704 2276 791 2325 111
819 2277 947 2326 211:
973 2275 1114 2325 Nam
1142 2281 1195 2325 et
1216 2288 1420 2325 causae
1447 2275 1648 2338 capitis

349 2364 522 2414 alium
555 2362 838 2424 quendam
877 2363 1180 2412 verborum
1218 2376 1416 2412 sonum
1456 2365 1647 2426 requi-

349 2456 498 2512 runt,
522 2451 696 2500 alium
716 2464 906 2502 rerum
935 2452 1294 2514 privatarum
1323 2453 1492 2514 atque
1519 2466 1649 2516 par-

349 2551 566 2594 varum:
605 2544 660 2588 et
696 2539 851 2588 aliud
892 2539 1118 2588 dicendi
1156 2553 1332 2602 genus
1371 2541 1652 2590 delibera-

351 2626 546 2688 tiones,
587 2625 745 2674 aliud
783 2625 1161 2689 laudat10nes‚
1209 2626 1367 2676 aliud
1424 2626 1651 2689 iudicia,

359 2711 512 2762 aliud
557 2723 863 2776 sermones,
921 2713 1077 2762 aliud
1118 2713 1446 2777 consolatio,
1495 2715 1650 2764 aliud

357 2798 698 2862 obiurgati0‚
721 2800 878 2850 aliud
894 2800 1220 2866 disputati0,
1242 2801 1398 2852 aliud
1419 2803 1654 2854 historia

361 2885 664 2936 desiderat.
730 2887 917 2937 Refert
986 2888 1153 2938 etiam
1227 2890 1325 2952 qui
1401 2890 1654 2948 audiant,

357 2978 583 3023 senatus
609 2987 680 3023 an
702 2975 948 3037 populus
971 2988 1042 3024 an
1065 2975 1305 3032 iudices;
1333 2976 1657 3040 frequentes

361 3071 432 3110 an
471 3060 638 3120 pauci
677 3075 748 3111 an
787 3062 995 3124 singuli
1051 3067 1106 3112 et
1152 3064 1374 3125 qualem
1430 3065 1656 3128 ipsique

359 3153 614 3197 oratores
669 3162 784 3210 qua
838 3149 947 3199 sint
1004 3149 1201 3212 aetate,
1257 3151 1487 3214 honore,
1529 3165 1656 3203 auc—

361 3235 604 3298 toritate,
663 3235 830 3286 debet
869 3237 1078 3298 videri;
1136 3243 1356 3300 tempus
1393 3239 1548 3302 pacis
1587 3253 1657 3289 an

359 3321 520 3380 belli,
559 3320 932 3374 testinationis
972 3335 1041 3373 an
1081 3325 1196 3374 otii.

501 3409 594 3458 Or.
657 3413 748 3461 99:
777 3446 788 3458 .
817 3450 828 3460 .
858 3447 870 3458 .
909 3411 1017 3467 Qui
1074 3413 1222 3462 enim
1277 3413 1423 3463 nihil
1477 3419 1658 3478 potest

362 3497 690 3560 tranquille,
755 3497 898 3547 nihil
957 3498 1177 3563 leniter,
1239 3501 1381 3551 nihil
1435 3503 1660 3565 partite,

364 3581 614 3646 definite,
655 3584 930 3650 distincte,
968 3586 1146 3636 facete
1173 3587 1377 3651 dicere,
1405 3601 1660 3651 praeser-

365 3671 462 3720 tim
484 3683 612 3721 cum
634 3684 836 3722 causae
857 3673 1064 3736 partim
1088 3678 1236 3725 totae
1259 3675 1370 3724 sint
1393 3688 1456 3725 eo
1476 3674 1662 3740 modo,

365 3758 576 3822 partim
613 3761 810 3822 aliqua
847 3773 912 3810 ex
951 3767 1114 3822 parte
1149 3764 1496 3829 tractandae,
1531 3765 1578 3813 si
1619 3764 1664 3812 is

365 3859 480 3896 non
511 3848 866 3911 praeparatis
896 3849 1133 3899 auribus
1162 3848 1519 3902 inflammare
1545 3865 1662 3901 rem

367 3936 566 3998 coepit,
603 3935 793 3986 furere
832 3936 987 3998 apud
1023 3949 1192 3986 sanos
1227 3943 1280 3987 et
1316 3939 1480 3999 quasi
1520 3940 1666 3988 inter

367 4022 588 4072 sobrios
624 4023 894 4074 bacchari
933 4023 1257 4075 vinolentus
1295 4025 1537 4076 videtur.

509 4110 604 4160 Or.
643 4113 736 4160 69:
793 4109 899 4159 Sed
959 4115 1094 4172 quot
1161 4111 1352 4161 officia
1410 4111 1664 4172 oratoris,

368 4203 450 4246 tot
485 4202 617 4248 sunt
652 4210 861 4260 genera
899 4197 1149 4263 dicendi3
1197 4199 1404 4249 subtile
1441 4199 1496 4248 in
1539 4212 1666 4259 pro-

369 4284 578 4348 bando,
607 4285 892 4336 modicum
917 4285 974 4334 in
995 4286 1346 4344 delectando,
1367 4287 1668 4335 vehemens

371 4374 428 4422 in
468 4371 766 4422 flectendo.

509 4460 603 4510 Or.
643 4461 736 4511 72:
786 4460 968 4517 Quam
1017 4461 1164 4510 enim
1202 4461 1532 4510 indecorum
1571 4467 1667 4520 est,

371 4549 442 4598 de
475 4548 788 4598 stillicidiis
827 4560 954 4598 cum
994 4547 1143 4609 apud
1201 4560 1376 4596 unum
1426 4547 1668 4596 iudicem

372 4635 540 4698 dicas,
569 4635 926 4698 amplissimis
953 4633 1138 4683 verbis
1165 4640 1216 4682 et
1243 4634 1377 4682 locis
1404 4633 1482 4682 uti
1524 4647 1669 4681 com-

375 4725 658 4778 munibus,
716 4721 786 4771 de
837 4721 1124 4772 maiestate
1179 4720 1378 4784 populi
1435 4719 1669 4769 Romani

372 4809 664 4860 summisse
701 4813 756 4857 et
791 4807 1097 4859 subtiliter!

1886 1042 2022 1092 VIII
2048 1045 2095 1106 3,
2126 1045 2185 1098 11
2216 1079 2227 1092 .
2257 1081 2270 1094 .
2298 1080 2308 1092 .
2334 1083 2343 1095 .
2372 1047 2516 1095 illud
2538 1049 2935 1098 observatione
2962 1047 3043 1096 di-

1745 1128 1927 1192 gnius,
1972 1129 2124 1191 quod
2146 1131 2236 1181 hic
2257 1132 2378 1195 ipse
2396 1131 2665 1184 honestus
2686 1141 2921 1185 ornatus
2943 1148 3047 1198 pro

1743 1217 2015 1266 materiae
2070 1231 2273 1280 genere
2329 1220 2487 1270 decet
2526 1223 2793 1272 variatus.
2860 1225 3047 1284 Atque

1743 1307 1806 1353 ut
1845 1317 1877 1353 a
1916 1303 2099 1366 prima
2157 1305 2433 1358 divisione
2488 1309 2699 1373 ordiar,
2736 1323 2849 1359 non
2888 1309 3037 1360 idem

1746 1391 2203 1442 demonstrativis
2241 1399 2295 1442 et
2334 1395 2719 1446 deliberativis
2756 1401 2807 1446 et
2846 1397 3050 1447 iudici-

1747 1479 1935 1528 alibus
1972 1481 2151 1530 causis
2190 1481 2503 1530 conveniet.

1886 1567 1991 1615 XII
2036 1570 2116 1630 10,
2154 1569 2219 1617 69
2261 1580 2338 1618 ss:
2368 1607 2378 1618 .
2408 1604 2420 1617 .
2448 1604 2499 1617 ..
2539 1569 2738 1619 Utetur
2783 1572 2950 1634 enim,
2988 1579 3054 1621 ut

1747 1666 1835 1704 res
1872 1654 2069 1717 exiget,
2097 1655 2378 1720 omnibus,
2406 1669 2509 1705 nec
2534 1670 2639 1719 pro
2666 1670 2834 1707 causa
2864 1660 3052 1720 modo,

1748 1742 1845 1791 sed
1901 1755 2007 1803 pro
2065 1743 2329 1804 partibus
2382 1756 2601 1795 causae.
2642 1744 2783 1795 Nam
2828 1752 2888 1795 ut
2936 1760 3049 1796 non

1748 1828 1942 1878 eodem
1982 1829 2151 1878 modo
2212 1844 2317 1893 pro
2366 1844 2463 1880 reo
2507 1832 2707 1894 capitis
2743 1838 2797 1883 et
2840 1835 2897 1883 in
2938 1847 3053 1884 cer-

1751 1916 1958 1966 tamine
2004 1917 2329 1968 hereditatis
2374 1924 2428 1968 et
2503 1919 2573 1970 de
2626 1921 2937 1971 interdictis
2993 1936 3055 1971 ac

1751 2003 2150 2066 sponsionibus
2204 2010 2257 2057 et
2317 2006 2387 2056 de
2442 2013 2594 2057 certa
2643 2009 2857 2058 credita
2894 2009 3055 2072 dicet,

1751 2093 2155 2142 sententiarum
2215 2107 2443 2156 quoque
2498 2094 2555 2142 in
2594 2099 2793 2144 senatu
2831 2101 2885 2144 et
2921 2110 3049 2146 con-

1753 2179 1971 2228 tionum
2026 2186 2079 2228 et
2134 2180 2489 2243 privatorum
2530 2181 2895 2232 consiliorum
2943 2197 3057 2232 ser-

1755 2266 1914 2316 vabit
1977 2265 2317 2330 discrimina,
2380 2268 2559 2318 multa
2618 2280 2685 2318 ex
2736 2269 3057 2320 differentia

1756 2366 2147 2416 personarum,
2185 2355 2439 2404 locorum
2479 2360 2910 2418 temporumque
2938 2372 3058 2408 mu-

1759 2442 1925 2492 tabit:
1964 2442 2042 2491 ita
2081 2443 2138 2490 in
2188 2443 2383 2492 cadem
2434 2443 2690 2493 oratione
2731 2444 2893 2493 aliter
2928 2457 3057 2494 con-

1757 2529 1971 2589 citabit,
2011 2542 2124 2578 non
2163 2543 2231 2578 ex
2270 2529 2446 2579 isdem
2485 2531 2783 2582 haustibus
2820 2532 2965 2581 iram
3002 2537 3056 2582 et

1760 2616 2205 2666 misericordiam
2241 2622 2406 2680 petet,
2434 2617 2573 2668 alias
2612 2619 2681 2668 ad
2712 2619 3050 2682 docendum,

1761 2704 1901 2754 alias
1930 2705 1998 2753 ad
2028 2703 2373 2754 movendum
2404 2705 2703 2754 adhibebit
2732 2711 2892 2756 artes.
2930 2706 3055 2756 Non

1761 2805 1908 2843 unus
1952 2793 2111 2841 color
2147 2792 2441 2855 prooemii,
2490 2793 2849 2858 narrationiS,
2889 2805 3053 2856 argu-

1763 2887 2095 2942 mentorum,
2134 2879 2486 2940 egressionis,
2538 2881 2913 2942 perorationis
2948 2893 3064 2929 ser-

1763 2967 2008 3017 vabitur.
2082 2966 2239 3014 Dicet
2298 2965 2449 3016 idem
2523 2966 2787 3030 graviter,
2850 2980 3064 3030 severe,

1765 3054 1988 3116 acriter,
2038 3053 2419 3116 vehementer,
2478 3053 2769 3116 concitate,
2826 3054 3067 3118 copiose,

1766 3153 1971 3203 amare,
1993 3140 2240 3203 comiter,
2262 3141 2503 3204 remisse,
2525 3140 3068 3203 subtiliter,blande,

1765 3229 1985 3284 leniter.
2024 3227 2323 3291 [dulciter-,l
2373 3228 2643 3291 breviter,
2682 3230 2900 3279 urbane
2926 3268 2937 3280 .
2968 3268 2978 3280 .
3010 3266 3021 3278 .
3054 3266 3066 3279 .

1906 3319 1953 3366 X
1980 3319 2027 3380 2,
2054 3319 2145 3366 23:
2186 3316 2370 3364 Etiam
2417 3317 2525 3365 hoc
2549 3316 2690 3364 solet
2723 3316 3068 3367 incommodi

1767 3406 2025 3456 accidere
2081 3404 2166 3466 iis,
2224 3403 2325 3467 qui
2378 3416 2436 3452 se
2492 3402 2590 3452 uni
2641 3403 2815 3453 alicui
2870 3405 3065 3469 generi

1767 3494 2129 3555 dediderunt,
2186 3496 2262 3555 ut,
2317 3492 2361 3540 si
2408 3489 2685 3553 asperitas
2738 3490 2805 3539 iis
2852 3491 3069 3554 placuit

1771 3581 2023 3643 alicuius,
2078 3581 2225 3629 hanc
2262 3579 2429 3627 etiam
2474 3579 2533 3626 in
2572 3578 2685 3626 leni
2735 3589 2800 3627 ac
2838 3578 3066 3626 remisso

1769 3681 2069 3720 causarum
2109 3679 2311 3730 genere
2337 3679 2452 3715 non
2482 3670 2716 3716 exuant:
2756 3665 2801 3714 si
2832 3666 3070 3715 tenuitas

1772 3762 1870 3807 aut
1923 3753 2244 3804 iucunditas
2298 3751 2355 3800 in
2414 3753 2626 3815 asperis
2682 3753 3070 3814 gravibusque

1771 3840 2206 3903 causisponderi
2227 3853 2421 3889 rerum
2442 3851 2643 3902 parum
2666 3840 3071 3900 respondeant:

1771 3943 1901 3980 cum
1972 3929 2043 3980 sit
2115 3927 2341 3978 diversa
2396 3939 2509 3975 non
2548 3939 2847 3976 causarum
2906 3927 3072 3976 modo

1770 4019 1920 4068 inter
1956 4017 2107 4079 ipsas
2132 4014 2410 4076 condicio,
2434 4014 2533 4062 sed
2558 4014 2618 4062 in
2646 4014 2879 4075 singulis
2904 4014 3069 4062 etiam

1772 4105 1954 4156 causis
1992 4103 2257 4166 partium,
2296 4101 2523 4161 sintque
2563 4101 2677 4149 alia
2714 4100 2929 4162 leniter,
2960 4101 3071 4148 alia

1775 4205 1988 4254 aspere,
2028 4189 2140 4239 alia
2186 4187 2476 4250 concitate,
2525 4187 2637 4236 alia
2675 4187 2919 4250 remisse,
2960 4188 3072 4236 alia

1775 4278 2031 4335 docendi,
2089 4276 2199 4325 alia
2256 4273 2521 4323 movendi
2578 4274 2761 4336 gratia
2817 4274 3073 4337 dicenda,

1776 4380 2021 4429 quorum
2048 4363 2301 4414 omnium
2333 4361 2623 4411 dissimilis
2652 4367 2821 4422 atque
2849 4363 3073 4410 divorsa

1774 4457 1921 4505 inter
1956 4467 2013 4502 se
2050 4451 2194 4501 ratio
2232 4455 2326 4500 est.

1918 4542 1990 4590 Xl
2037 4542 2080 4602 1,
2121 4540 2148 4587 2
2190 4553 2298 4600 sq:
2338 4537 2485 4594 Quid
2515 4537 2659 4586 enim
2703 4536 2932 4598 prodest
2959 4549 3077 4585 esse

1777 4630 1952 4679 verba
1991 4633 2042 4676 et
2084 4627 2283 4676 Latina
2307 4629 2359 4674 et
2386 4623 2766 4685 significantia
2796 4627 2848 4671 et
2881 4623 3077 4686 nitida,

1777 4717 1971 4778 figuris
2009 4715 2174 4764 ctiam
2214 4712 2576 4773 numerisque
2622 4711 2933 4768 elaborata,
2972 4709 3078 4759 nisi

1724 4846 1730 4870 ε
1778 4817 1905 4854 cum
1942 4802 2025 4864 iis,
2080 4801 2137 4850 in
2178 4813 2326 4861 quae
2363 4798 2603 4849 iudicem
2646 4799 2777 4847 duci
2820 4799 3078 4848 formari-
