3567 5109
1403 287 1886 351 —171—

268 499 513 563 rostris
548 497 987 581 perfremunt,
1038 498 1165 563 478
1212 519 1371 562 saxo
1413 498 1700 581 frendaS,
1751 500 1880 563 544
1930 499 2086 563 trita
2130 499 2419 582 uuyuliS,
2477 500 2606 564 559
2652 519 2841 563 arma
2883 499 2995 562 in-

269 605 451 668 victa
494 625 559 669 es
602 604 966 690 fabricatus
1009 627 1236 687 mauu,
1287 607 1415 670 579
1460 605 1725 670 venenis
1754 605 2040 670 sterilem
2076 627 2224 687 esse,
2273 605 2402 669 660
2442 603 2726 689 yemiriis
2769 611 3004 690 aptum
3079 689 3084 694 ἱ

268 711 605 776 cornibus.
658 709 1143 793 Proprietatem
1189 711 1523 795 quandam
1569 709 1892 794 praebent
1935 710 1993 774 P
2018 713 2096 776 17
2135 713 2360 776 auimo
2396 712 2646 778 attendi
2679 713 2766 776 ad
2798 733 2997 797 quae-

270 819 576 899 rendum,
634 817 815 900 quod
866 839 1003 882 non
1058 839 1207 882 cum
1262 817 1455 882 Iunio
1521 818 1592 882 in
1632 819 1952 883 animum
2016 818 2474 900 corrigendum
2539 838 2682 883 esse
2745 816 3003 882 videtur

272 922 391 1006 (cf.
441 922 593 988 Ter.
628 923 796 988 Hec.
836 927 939 1002 28,
992 923 1131 990 Cic.
1179 922 1341 1007 phil.
1389 923 1512 1008 frg.
1551 923 1616 992 V
1655 926 1735 990 81
1778 924 1898 1003 M„
1947 923 2078 989 alia
2122 927 2196 989 in
2243 923 2437 992 Thes,
2476 924 2516 989 1.
2555 924 2632 990 L.
2680 924 2758 989 II
2806 927 3000 1004 1119,

276 1031 367 1094 62
408 1032 555 1113 sq.),
603 1035 671 1094 et
703 1028 922 1095 A552
961 1031 1032 1094 Ε
1060 1031 1357 1116 viperino
1400 1053 1627 1096 morsu
1672 1053 1870 1096 venae
1905 1053 2146 1097 venerio
2187 1082 2201 1097 .
2248 1083 2261 1096 .
2303 1032 2608 1114 imbutae,
2655 1030 2767 1098 ubi
2811 1051 3000 1114 prae·

273 1137 521 1218 positio
569 1157 705 1202 non
753 1137 1182 1202 desideratur.
1248 1137 1506 1203 Eodem
1552 1137 1838 1221 pertinet
1884 1137 2229 1217 ablativus,
2281 1159 2409 1221 quo
2456 1137 2657 1202 verba
2703 1137 2998 1217 utendi,

272 1242 675 1326 fungendi,
712 1243 845 1309 alia
882 1245 1206 1310 instructa
1242 1251 1415 1322 sunt,
1448 1251 1523 1309 ut
1557 1244 1725 1310 bene
1762 1243 2129 1309 illustratur
2165 1242 2383 1309 Α296
2419 1245 2718 1328 sapimus
2753 1245 3000 1321 animo,

270 1350 582 1432 fruimur
624 1352 883 1438 animm
942 1349 1059 1415 sed
1108 1349 1189 1416 de
1236 1351 1337 1416 his
1386 1372 1587 1434 supra
1632 1353 1721 1434 (p.
1757 1353 1908 1433 163)
1957 1352 2203 1418 dictum
2251 1356 2366 1416 est.
2449 1349 2581 1414 Per
2627 1349 3002 1434 analogiam

272 1456 452 1520 hanc
491 1459 1046 1522 constructionem
1082 1479 1248 1522 usus
1284 1464 1393 1537 est,
1436 1458 1673 1524 deinde
1714 1463 2068 1541 cognatum
2095 1479 2260 1542 opus
2286 1463 2382 1522 est
2407 1457 2790 1539 adsumpsit,
2823 1457 3002 1541 quod

275 1563 583 1645 primitus
628 1564 1071 1647 praedicative
1117 1565 1521 1630 nominativo
1570 1564 1979 1630 adiciebatur
1995 1565 2033 1628 ¹.
2115 1563 2285 1629 Inde
2331 1562 2803 1647 intelleguntur
2847 1562 2996 1642 loci,

274 1667 460 1734 velut
503 1669 562 1733 P
584 1672 668 1734 35
713 1671 876 1755 quid
917 1673 1007 1736 sit
1048 1672 1219 1754 facto
1265 1693 1429 1756 opus
1474 1672 1806 1754 decernite,
1854 1670 2090 1752 quibus
2138 1676 2504 1736 structurae
2551 1671 2795 1735 mixtae
2843 1676 3002 1735 sunt

272 1775 542 1854 (similia
587 1776 805 1841 adfert
851 1776 1095 1842 Sohffll.
1142 1799 1205 1860 p.
1247 1780 1421 1859 212).

488 1882 595 1948 Ex
652 1883 957 1949 ablativis
1014 1906 1096 1949 ca
1112 1905 1293 1948 usae
1352 1885 1671 1949 adnotare
1721 1883 1971 1949 sufficit
2016 1885 2390 1948 iuncturam
2427 1881 2494 1947 A
2517 1886 2644 1949 292
2683 1905 2879 1968 eaque
2921 1936 2933 1949 .
2981 1935 2995 1948 .

267 2012 493 2068 causa,
539 2011 707 2074 quae
748 1990 833 2055 ab
870 2012 1072 2056 aurea
1117 1989 1481 2055 Latinitate
1530 1989 1747 2056 aliena
1795 1997 1913 2070 est,
1963 1997 2030 2055 et
2067 1992 2287 2075 qratia
2330 1988 2432 2054 bis
2480 1991 2766 2073 positum
2813 1989 2870 2053 P
2891 1992 2997 2070 43,

268 2099 513 2177 A2173
554 2117 709 2162 nam
745 2099 817 2163 in
853 2118 1150 2162 sermone
1187 2095 1476 2180 pedestri
1517 2097 1958 2163 vetustissimo
1992 2098 2178 2162 deest
2204 2095 2549 2176 (Schmalz.
2578 2097 2622 2161 1.
2652 2096 2696 2160 l.
2727 2118 2789 2179 p.
2820 2099 2996 2177 249).

491 2201 607 2267 Ad
654 2203 1013 2269 ablativum
1060 2203 1265 2269 modi
1308 2209 1725 2268 transeuntes
1772 2203 1936 2269 haec
1984 2202 2413 2282 substantiva,
2465 2224 2635 2287 quae
2674 2202 2853 2268 nullo
2903 2209 2999 2268 at-

272 2308 523 2373 tributo
581 2317 897 2375 exornata
953 2311 1461 2394 praepositionis
1520 2309 1921 2376 adminiculo
1971 2315 2216 2388 carent,
2280 2310 2674 2373 invenimus:
2768 2308 2826 2372 P
2848 2310 2998 2390 186,

278 2417 429 2494 377,
472 2417 621 2494 378,
664 2414 879 2481 Α414
917 2424 1086 2496 astu,
1130 2416 1338 2483 Ρ393
1376 2418 1667 2502 alcyonis
1694 2418 1855 2499 ritu,
1899 2414 1968 2480 A
1991 2419 2074 2482 50
2102 2417 2361 2495 ordine,·
2410 2414 2715 2480 liberiore
2745 2415 2997 2480 ratione

270 2521 574 2587 adhibita
613 2530 793 2587 sunt:
841 2524 900 2588 P
922 2525 1049 2588 312
1088 2524 1364 2607 fremitu
1399 2524 1639 2588 concite
1674 2524 1937 2605 melum,
1977 2522 2043 2586 A
2074 2544 2171 2605 pr.
2209 2523 2285 2587 11
2326 2523 2602 2605 fremitu
2619 2528 2996 2606 perayraut,

272 2627 346 2693 A
367 2631 495 2694 569
536 2631 783 2694 latratu
818 2632 1002 2696 unda
1026 2631 1219 2696 seuit.
1273 2629 1539 2714 Reliqui
1566 2629 1715 2709 loci,
1758 2650 1924 2712 quos
1952 2628 2193 2694 Holtze
2221 2627 2531 2710 neglexit,
2569 2634 2748 2692 sunt:
2789 2626 2847 2690 P
2873 2631 2997 2693 106

270 2736 629 2821 opibusque
672 2738 955 2802 summis
989 2737 1313 2822 persequi,
1363 2738 1491 2802 200
1530 2737 1876 2801 denudatis
1913 2737 2166 2801 ossibus
2198 2787 2211 2800 .
2251 2787 2262 2800 .
2297 2735 2677 2816 diveoearier,
2727 2735 2857 2799 256
2900 2756 2996 2798 se-

268 2843 424 2906 dato
458 2844 635 2925 nisu,
676 2845 805 2909 273
834 2866 953 2929 pes
992 2844 1351 2928 trepidante
1380 2845 1594 2927 yradu
1629 2844 1892 2924 nititur,
1934 2843 2135 2925 287l8
2166 2842 2484 2927 perbitere
2519 2841 2746 2925 quovis
2782 2841 2995 2923 emilie,

271 2947 345 3013 A
366 2951 449 3014 85
495 2951 780 3016 mulcari
821 2951 1130 3035 exemplis
1188 2951 1512 3028 omuibus,
1580 2950 1661 3014 87
1710 2970 1864 3014 vera
1916 2949 2185 3029 ratione,
2255 2949 2380 3012 183
2431 2949 2612 3012 tardo
2647 2948 2998 3031 procedens

264 3057 503 3141 gradu,
543 3058 671 3120 216
709 3079 973 3122 summa
1008 3078 1161 3122 cum
1195 3078 1373 3139 cura,
1423 3057 1552 3121 239
1588 3056 1757 3140 ayitc
1794 3056 2040 3120 modico
2061 3055 2342 3139 yradul,
2383 3055 2512 3118 573
2541 3055 2793 3138 crepitu
2819 3055 2995 3118 chm-

264 3169 457 3247 yente
500 3164 865 3228 cachinnat.
1944 3222 1951 3229 .

492 3268 949 3353 Subsequatur
976 3268 1303 3334 ablativus
1336 3269 1769 3353 qualitatis
1829 3265 1959 3352 Qui
1989 3289 2186 3350 quam
2214 3267 2411 3332 variis
2442 3267 2522 3332 de
2553 3266 2769 3331 causis
2797 3285 2994 3348 saepe

272 3376 650 3460 genetivum
696 3376 1101 3459 superaverit
1144 3377 1413 3458 eiusque
1459 3374 1675 3440 locum
1723 3374 2083 3440 obtinuerit
2118 3371 2518 3439 Woelfflin.³
2565 3370 2848 3437 dilucide
2888 3392 2996 3436 ex·

274 3484 523 3568 posuit.
572 3481 792 3548 Series
838 3481 1303 3566 exemplorum,
1357 3504 1554 3566 quam
1600 3481 1842 3548 Holtze
1889 3503 1953 3565 p.
1997 3482 2078 3545 10
2125 3481 2454 3564 proponit,
2503 3480 2733 3562 augeri
2780 3485 3001 3561 potest

274 3589 409 3653 his:
476 3587 535 3652 P
555 3590 637 3653 37
684 3590 888 3674 feroci
928 3591 1210 3674 inqeniO,
1258 3591 1662 3674 praeyrandi
1698 3590 1930 3673 yradu,
1992 3589 2076 3651 54
2121 3609 2434 3672 suspenso
2479 3587 2705 3651 animo
2749 3586 2997 3667 civitae,

274 3698 407 3762 382
470 3695 627 3761 Voce
678 3718 1047 3781 suppressa,
1101 3697 1331 3761 stricto
1385 3697 1618 3779 fronte,
1674 3697 1856 3760 voltu
1911 3695 2186 3778 turyido,
2241 3691 2308 3757 A
2333 3695 2458 3758 158
2506 3694 2767 3777 pertico
2821 3693 3000 3756 Aiax

272 3804 502 3868 auimo
536 3807 729 3886 atque
765 3803 1193 3884 adversabili,
1227 3804 1355 3867 392
1392 3803 1647 3887 inqenti
1679 3802 1904 3866 sonitu
1940 3805 2002 3864 et
2034 3800 2297 3885 spiritu,
2337 3800 2468 3865 532
2505 3821 2740 3862 nemus
2776 3797 2993 3882 empi-

273 3915 463 3974 rante
507 3930 743 3994 vapore
788 3910 981 3990 vide-3,
1031 3910 1161 3974 560
1189 3908 1551 3994 Phryyiam
1598 3908 1748 3972 miti
1789 3929 1966 3972 miore
2011 3929 2158 3988 esse,
2205 3907 2428 3970 animo
2465 3903 2754 3969 immani
2788 3903 2991 3968 Grae-

272 4017 465 4098 ciam,
507 4015 636 4079 636
679 4015 913 4080 Tereus
948 4015 1268 4080 indomito
1305 4037 1481 4080 more
1517 4021 1709 4098 atque
1746 4015 1970 4078 animo
2009 4013 2298 4094 barbare,
2340 4014 2467 4076 645
2497 4011 2747 4075 advena
2773 4010 2998 4074 animo

272 4123 530 4188 audaci.

493 4228 665 4294 Tum
702 4228 972 4294 ablativi
1010 4248 1415 4294 mensurae
1454 4227 1661 4292 habes
1702 4226 2002 4309 exempla
2037 4224 2230 4290 haec:
2277 4223 2346 4289 A
2370 4226 2495 4289 129
2535 4225 2874 4309 aliquanto
2917 4273 2930 4286 .
2979 4274 2993 4287 .

275 4337 552 4422 lonqius,
605 4337 731 4401 136
779 4341 1021 4420 quanto
1057 4337 1269 4420 mayis
1309 4387 1322 4401 .
1362 4385 1406 4416 .,
1457 4340 1636 4399 tanto
1672 4334 1900 4418 magas,
1951 4333 2078 4398 377
2119 4337 2363 4417 quanto
2407 4331 2683 4395 mitius.
2722 4381 2768 4413 .,
2818 4335 2998 4394 tanto

279 4492 295 4509 .
338 4491 352 4507 .
390 4443 601 4528 nwyis
662 4463 927 4524 sei-erOS,
992 4442 1124 4507 316
1188 4442 1449 4506 senium
1510 4442 1717 4506 multo
1779 4440 2176 4505 acerrimum
2239 4435 2495 4518 (Cicero
2562 4434 2998 4519 superlativos

279 4548 505 4614 addito
555 4551 735 4632 lonye
781 4568 1021 4630 augere
1069 4547 1286 4632 solet).

496 4707 515 4741 ¹
550 4707 643 4761 Fr.
681 4705 910 4774 Scholl„
958 4706 1147 4760 ‘Arch.
1184 4706 1226 4760 f.
1265 4708 1362 4761 lat.
1392 4705 1548 4760 Lex.'
1585 4705 1649 4759 Π
1687 4705 1792 4760 207
1832 4723 1912 4774 sq.

493 4793 517 4830 ²
551 4795 750 4849 ‘Arch.
789 4795 829 4848 f.
870 4797 968 4850 lat.
1010 4795 1163 4849 Lex!
1204 4795 1291 4849 XI
1331 4794 1630 4849 197—211.
