3567 5109
511 1396 668 1504 Ex
718 1443 1041 1505 omnibus
1089 1444 1167 1506 A.
1208 1442 1514 1506 Cornelii
1564 1443 1747 1507 Celsi
1796 1444 2073 1525 scriptis
2134 1446 2261 1507 soli
2310 1445 2393 1508 dc
2441 1444 2783 1508 medicina
2839 1446 3001 1508 libri

298 1548 458 1601 octo
502 1544 797 1602 exstant.
841 1539 1030 1611 Quos
1067 1540 1185 1618 qui
1217 1540 1594 1619 perlegerit
1626 1540 1951 1619 egregios
1998 1558 2147 1603 esse
2182 1548 2559 1619 cognoscet
2606 1547 2816 1621 atque
2863 1560 3001 1603 om-

301 1645 466 1705 nino
531 1662 610 1707 ea
664 1642 1010 1722 probabit,
1083 1662 1260 1723 quae
1322 1642 1392 1707 C.
1456 1644 1995 1724 Darembergius
2068 1645 2153 1707 de
2215 1645 2302 1707 iis
2352 1645 2741 1725 scripsit¹):
2831 1645 3004 1717 ‘Quo

301 1753 654 1828 saepius„
704 1749 982 1811 Celsum
1039 1749 1505 1829 perlegebam,
1584 1768 1665 1813 eo
1734 1752 1956 1829 magis
2004 1768 2112 1812 me
2168 1750 2461 1814 detinuit
2510 1768 2666 1813 cum
2729 1752 3006 1814 dicendi

301 1854 491 1915 nitor
547 1872 625 1915 ac
673 1854 983 1915 brevitas
1030 1858 1178 1914 tum
1243 1854 1744 1933 perspicacitas
1810 1855 2051 1917 iudicii
2099 1872 2485 1935 sensusque
2530 1873 2747 1918 verax
2803 1861 2871 1917 et
2919 1856 3006 1917 ad

304 1958 652 2038 agendum
713 1959 1296 2035 accommodatus,
1354 1959 1606 2038 quibus
1654 1959 1979 2022 omnibus
2045 1960 2418 2039 genuinam
2482 1959 2686 2022 nobis
2735 1978 3004 2040 reprae-

303 2068 532 2125 sentat
598 2062 772 2125 civis
836 2063 1128 2125 Romani
1175 2063 1546 2143 imaginem
1594 2109 1608 2123 .
1661 2114 1673 2126 .
1723 2110 1738 2127 .
1806 2063 2069 2136 Quodsi
2115 2082 2263 2127 rem
2312 2066 2701 2126 naturalem
2748 2082 2823 2127 ac
2872 2084 3007 2127 me-

304 2166 526 2230 dicam
609 2175 899 2248 specteS,
981 2168 1346 2248 permultis
1423 2186 1587 2232 sane
1655 2169 2147 2232 additamentis
2224 2172 2462 2249 augeri
2538 2170 2758 2249 possit
2834 2189 3009 2250 opus

304 2273 726 2347 Celsianum,
805 2274 920 2333 vix
972 2281 1202 2335 tamen
1278 2292 1498 2353 pauca
1565 2274 1906 2353 quaedam
1971 2276 2303 2354 reperiaS,
2380 2292 2557 2353 quae
2632 2275 3009 2337 resecanda

304 2380 442 2440 sint
489 2427 501 2439 .
553 2428 564 2439 .
615 2426 628 2439 .
678 2378 932 2456 Utique
1001 2379 1407 2441 clarissimis
1470 2379 1750 2459 linguae
1807 2380 2063 2442 latinae
2128 2380 2593 2442 monumentis
2645 2396 3009 2442 accensen-

307 2482 470 2545 dum
516 2485 672 2547 est’.

516 2588 744 2659 Quare
810 2594 1079 2650 ceteros
1165 2606 1442 2667 quoque
1511 2590 1585 2651 A.
1653 2589 1961 2651 Cornelii
2025 2590 2205 2651 Celsi
2262 2590 2485 2651 libros
2551 2588 2717 2651 satis
2775 2589 3009 2667 magni

307 2692 570 2767 ingenii
619 2693 917 2772 speciem
965 2710 1132 2772 prae
1198 2710 1272 2755 se
1339 2692 1581 2755 tulisse
1648 2694 1967 2757 conicere
2032 2711 2423 2773 possumus.
2489 2693 2809 2756 Profecto
2871 2709 3010 2767 eoa,

311 2814 488 2874 quos
555 2796 672 2858 ille
722 2798 806 2859 de
853 2816 929 2859 re
995 2798 1254 2860 rustica
1320 2798 1762 2878 conscripsit,
1828 2798 2085 2879 probat
2132 2798 2533 2875 Columella,
2596 2797 2790 2860 velut
2838 2798 2905 2860 11
2952 2802 3010 2875 2,

316 2908 419 2960 15:
475 2896 835 2961 Cornelium
887 2898 1138 2961 (falsum
1185 2921 1310 2961 ‘non
1373 2899 1576 2963 solum
1621 2900 2119 2985 agricolationis,
2183 2899 2298 2963 sed
2340 2901 2673 2963 universae
2738 2908 3011 2963 naturae

299 3002 674 3087 prudentem
723 3005 929 3066 virum
989 3015 1054 3069 et
1099 3008 1192 3070 IX
1242 3014 1297 3084 2,
1351 3014 1424 3069 1:
1505 3005 1700 3068 Venio
1747 3028 1917 3068 nunc
1980 3004 2073 3069 ad
2117 3004 2407 3069 alvorum
2454 3028 2689 3083 curam,
2756 3003 2831 3067 dc
2877 3005 3009 3088 qui-

306 3108 420 3170 bua
482 3130 677 3192 neque
741 3106 1112 3191 dilz'qente‘us
1173 3108 1524 3193 quidquam
1585 3111 1888 3195 praecipi
1936 3120 2144 3195 potest
2198 3133 2382 3195 quam
2451 3109 2529 3171 ab
2584 3109 2837 3194 Hygino
2882 3111 3013 3171 iam

309 3212 551 3276 dictum
659 3222 746 3274 cat
835 3234 949 3275 ‘nec
1040 3215 1326 3274 ornatius
1415 3237 1608 3297 quam
1695 3214 1969 3297 I‘'er91'lio
2059 3238 2188 3277 ‘nec
2287 3214 2717 3299 eleqautius
2796 3234 3015 3301 quam

317 3316 534 3381 Celso
585 3368 596 3380 .
645 3367 662 3383 .
710 3368 722 3379 .
823 3316 1092 3379 Celsus
1201 3320 1613 3405 utriusque
1709 3319 2112 3381 memorati
2219 3316 2583 3381 adhibuit
2688 3316 3010 3381 modum.

311 3424 536 3504 Atque
570 3442 672 3499 ea,
719 3442 897 3503 quae
929 3424 1111 3487 idem
1145 3424 1230 3486 de
1263 3425 1706 3505 philosophia
1739 3425 2037 3506 scripsit,
2086 3426 2292 3488 laude
2340 3424 2557 3487 fuisse
2605 3424 2814 3505 digna
2860 3426 3014 3505 ipse

310 3528 778 3600 Quintilianus
829 3517 1108 3590 indicat‘
1146 3529 1203 3590 X
1258 3537 1310 3605 1,
1363 3536 1513 3590 124:
1560 3528 1815 3609 scripsit
1862 3548 1986 3589 non
2029 3549 2267 3610 parum
2329 3526 2535 3589 ‘multa
2599 3524 3017 3589 Cornelius

318 3630 604 3710 (L'elsus,
653 3628 966 3695 Sext-tica
1013 3641 1336 3711 secutus,
1385 3654 1532 3695 non
1579 3631 1744 3695 aine
1789 3630 2007 3693 cultu
2054 3654 2141 3693 ac
2186 3631 2456 3693 nitore.

519 3741 766 3818 Itaque
831 3739 944 3801 vel
1009 3738 1159 3801 eius
1230 3739 1671 3813 rhetoricam,
1739 3756 2157 3818 quamquam
2242 3738 2710 3809 Quintilianus
2788 3739 3017 3800 omnia

312 3844 479 3917 fere,
556 3861 730 3922 quae
805 3862 888 3909 ex
954 3861 1034 3906 ea
1100 3844 1345 3921 adfert,
1412 3844 1706 3923 corrigit
1771 3851 1840 3906 et
1904 3843 2362 3923 reprehendit,
2429 3844 2705 3905 minime
2772 3844 3021 3905 exilem

313 3948 528 4009 fuisse
576 3948 1051 4027 suspicamur3
1105 3950 1314 4011 immo
1346 3966 1515 4012 vero
1552 3966 1702 4011 eam
1740 3952 2003 4029 perisse
2054 3952 2353 4010 maxime
2388 3948 2592 4012 nobis
2646 3947 3019 4010 dolendum

313 4052 594 4115 videtur
658 4070 829 4115 esse.
877 4052 1164 4115 Accedit
1229 4053 1362 4116 alia
1423 4072 1560 4118 res,
1609 4072 1789 4132 quae
1836 4061 1913 4115 ut
1960 4054 2027 4115 in
2096 4053 2279 4115 Celsi
2328 4052 2752 4116 rhetoricam
2798 4054 3018 4131 inqui-

314 4176 544 4220 ramus
601 4178 729 4221 nos
777 4161 1067 4236 excitat;
1121 4158 1618 4231 Quintilianum
1669 4160 1851 4221 enim
1905 4160 2121 4221 multa
2153 4177 2239 4221 ex
2292 4176 2369 4221 ea
2422 4159 2802 4237 sumpsisse
2868 4156 3019 4218 veri

313 4262 742 4324 simillimum
789 4270 910 4325 est.

521 4368 760 4430 Totius
825 4371 1252 4448 quaestionis
1319 4369 1789 4433 instituendae
1861 4368 2386 4430 fundamentum
2459 4383 2610 4429 esse
2674 4383 2774 4438 ea,
2842 4380 3019 4444 quae

315 4472 698 4552 scriptores
744 4478 1016 4535 veteres
1065 4473 1373 4547 tradunt,
1443 4474 1892 4537 manifestum
1939 4479 2060 4534 est.
2128 4472 2279 4543 Qua
2328 4472 2413 4535 de
2460 4486 2667 4533 causa
2714 4468 3017 4548 primum

315 4573 670 4637 testimonia
734 4582 801 4639 et
839 4576 1240 4661 flaymeuta,
1306 4596 1481 4657 quae
1549 4579 1636 4641 ad
1684 4578 1865 4642 Celsi
1930 4578 2350 4641 rhetoricam
2396 4574 2769 4639 referenda
2838 4580 3022 4648 sunt,

317 4680 742 4762 colligamus

527 4860 564 4917 1)
605 4858 782 4907 Praei.
823 4858 954 4907 edit.
995 4872 1048 4921 p.
1089 4858 1148 4907 V.

401 4954 746 4995 nun-natione-
769 4954 878 5001 phu.
899 4956 1086 4995 rinnon.
1111 4956 1199 4999 vu.
1238 4960 1272 4991 α.
2786 4942 2817 4991 6
