3567 5109
1720 334 1807 345 ...
1901 298 2164 361 84..-

580 514 947 589 veritatem‚
1000 530 1130 593 qua
1178 510 1263 575 ad
1318 508 1486 575 bene
1544 509 1868 594 beateque
1915 510 2267 575 vivendum
2312 510 2416 575 via
2461 514 2956 588 monstraretur,
3003 514 3144 573 tam
3193 508 3316 575 diu

580 616 834 682 frustra
882 622 1248 699 quaereret.
1885 610 1888 615 ’

791 740 891 806 At
944 745 1078 806 iam
1134 739 1710 825 appropinquabat
1756 739 1918 821 dice,
1978 762 2106 824 quo
2152 740 2570 825 Augustinus
2625 740 3154 806 dubitationibus
3200 760 3306 804 so-

576 848 735 915 lutis
789 847 1338 932 tranquillitatem
1393 851 1595 913 animi
1652 854 1790 912 tam
1848 847 1962 912 diu
2023 854 2400 932 exoptatam
2457 848 2816 932 adepturus
2871 853 3035 912 erat.
3125 845 3307 913 Nam

578 977 725 1021 cum
780 954 1319 1039 philosophorum
1373 952 1599 1033 libros,
1664 954 1733 1017 in
1793 953 2028 1036 quibus
2094 954 2174 1019 de
2241 954 2434 1020 bonis
2487 953 2686 1019 rebus
2733 961 2800 1019 et
2843 952 3039 1018 malis
3087 953 3304 1036 deque

574 1062 915 1128 hominum
940 1066 1078 1127 vita
1104 1065 1172 1126 et
1197 1060 1487 1126 moribus
1518 1058 1916 1143 disputatur,
1958 1060 2234 1125 adsidue
2264 1067 2808 1144 perscrutaretur,
2846 1058 3006 1125 libri
3035 1080 3302 1146 quoque

574 1168 1071 1235 Platonicorum
1118 1168 1531 1251 quorundam
1576 1171 1637 1232 ei
1686 1170 1755 1231 in
1791 1188 2026 1232 manus
2063 1174 2400 1247 venerunt,
2441 1188 2608 1252 quos
2643 1166 3030 1235 Victorinus
3046 1169 3087 1247 ¹,
3135 1170 3304 1232 artis

572 1276 841 1341 dicendi
896 1279 1228 1358 magister,
1282 1296 1364 1339 ex
1418 1272 1679 1340 Graeco
1736 1294 2034 1340 sermone
2091 1278 2160 1338 in
2214 1273 2532 1340 Latinum
2587 1272 3040 1340 transtulerat.
3129 1273 3304 1339 Tum

573 1402 726 1448 vero
783 1381 1201 1464 Augustinus
1258 1382 1581 1461 doctrina,
1642 1401 1811 1463 quae
1877 1379 2013 1445 illis
2075 1379 2262 1446 libris
2328 1381 2807 1460 continebatur,
2875 1386 2943 1445 et
2997 1379 3300 1463 exemplo

572 1488 905 1555 Victorini
958 1488 1139 1553 illius
1197 1494 1561 1553 commotus
1610 1486 1898 1571 apostoli
1943 1486 2140 1553 Pauli
2186 1487 2508 1571 epistulas
2563 1488 2782 1571 legere
2831 1491 3070 1571 coepit.
3149 1486 3303 1552 Iam

572 1600 785 1679 magis
848 1599 1191 1678 magisque
1259 1592 1793 1659 Christianorum
1857 1594 2160 1660 doctrina
2233 1600 2430 1678 atque
2497 1601 2853 1678 praecepta
2915 1614 3170 1659 morum
3235 1598 3300 1657 ei

572 1701 982 1784 placuerunt.

789 1824 1013 1908 Atque
1042 1846 1192 1889 cum
1229 1824 1337 1888 die
1379 1823 1665 1907 quodam
1694 1824 2150 1903 Ponticianus,
2186 1824 2564 1909 praefectus
2599 1823 2904 1903 militum,
2949 1824 3039 1889 ad
3067 1822 3297 1905 Augu-

573 1936 818 1997 stinum
872 1936 1160 1997 venisset
1212 1932 1300 1995 ab
1353 1952 1561 2015 eoque
1620 1936 1862 1997 certior
1915 1931 2128 1996 factus
2185 1938 2362 1997 esset
2423 1936 2640 2016 ipsum
2696 1936 2904 1997 sacris
2949 1935 3296 2017 scripturis

572 2038 686 2104 illo
742 2046 1035 2122 tempore
1092 2041 1448 2103 maximam
1504 2059 1728 2103 curam
1782 2038 2182 2122 impendere,
2249 2044 2431 2104 ortus
2487 2046 2590 2103 est
2635 2060 2850 2105 sermo
2897 2039 3294 2105 Ponticiano

570 2152 887 2211 narrante
954 2145 1034 2210 de
1085 2144 1401 2223 AntoniO,
1469 2143 1802 2229 Aegyptio
1857 2145 2202 2224 monacho,
2269 2154 2468 2231 atque
2499 2146 2607 2210 ‘de
2655 2146 2868 2211 tribus
2915 2145 3295 2212 Ponticiani

573 2251 1179 2331 contubernalibus,
1231 2255 1346 2337 qui
1393 2250 1674 2317 Antonii
1722 2251 2092 2336 exemplum
2138 2257 2348 2317 secuti
2397 2260 2606 2318 erant.

782 2376 1258 2444 Vehementem
1297 2376 1489 2459 quasi
1532 2376 1916 2460 procellam,
1966 2398 2137 2462 quae
2185 2377 2311 2442 hac
2357 2377 2738 2444 Ponticiani
2794 2381 3178 2443 narratione
3227 2376 3294 2441 in

571 2488 789 2549 animo
828 2487 971 2548 eius
1012 2486 1237 2549 statim
1274 2491 1503 2548 exorta
1531 2488 1648 2563 est,
1685 2487 1755 2547 in
1787 2481 2290 2549 Confessionum
2326 2482 2497 2549 libro
2536 2483 2732 2553 VIII.
2771 2485 3101 2569 capitibus
3139 2483 3294 2548 inde

568 2590 653 2655 ab
705 2591 740 2656 7
792 2610 997 2673 usque
1046 2589 1135 2654 ad
1186 2592 1267 2655 12
1313 2595 1453 2653 tam
1499 2594 1663 2653 vivis
1715 2588 2047 2655 coloribus
2095 2589 2415 2674 depingit,
2463 2598 2539 2656 ut
2583 2590 2806 2656 facere
2853 2612 2986 2656 non
3023 2594 3293 2674 possim,

570 2701 730 2782 quin
776 2718 993 2781 pauca
1040 2718 1121 2761 ex
1166 2700 1309 2761 eius
1354 2696 1617 2761 verbis¹
1660 2704 1986 2781 repetam:
2037 2698 2227 2762 Abiit
2267 2698 2376 2762 ille
2423 2697 2908 2782 (Ponticianus)
2955 2704 3016 2762 et
3059 2720 3166 2782 eyo
3209 2700 3299 2761 ad

566 2827 685 2870 me.
764 2804 941 2882 Quae
985 2826 1123 2868 non
1159 2804 1237 2867 in
1274 2826 1374 2867 me
1410 2804 1595 2867 disci?
1638 2842 1720 2850 —-
1768 2804 2097 2868 Hortalus
2133 2806 2403 2889 quidam
2440 2812 2580 2870 erat
2621 2806 2893 2889 hospitii
2925 2805 3142 2869 nostri
3175 2856 3189 2868 .
3223 2858 3235 2869 .
3278 2857 3291 2869 .

566 2912 739 2977 Illuc
774 2933 875 2975 me
911 2912 1274 2975 abstulerat
1310 2912 1633 2974 tumultus
1661 2912 1961 2995 pectoris,
2009 2912 2131 2975 ubi
2155 2933 2342 2975 nemo
2369 2912 2714 2995 impediret
2736 2912 3067 2976 ardentem
3097 2912 3294 2993 litem,

565 3040 765 3103 quam
810 3039 1061 3082 meeum
1104 3038 1443 3101 ayyressus
1488 3038 1686 3081 eram.
1739 3055 1826 3065 —-
1871 3018 2145 3082 Flebam
2188 3018 2611 3083 amarissima
2653 3018 3038 3083 contritione
3082 3018 3298 3081 cordis

565 3127 711 3190 mei.
781 3125 875 3188 Et
909 3146 1040 3188 eece
1076 3125 1274 3187 audio
1310 3144 1523 3187 vocem
1560 3125 1635 3187 de
1669 3124 1900 3188 dii-ina
1937 3122 2170 3207 (Sese.;
2225 3125 2438 3189 ff'zcma
2475 3131 2626 3189 cett.
2665 3125 2882 3207 codd.)
2919 3126 3104 3189 domo
3140 3146 3296 3189 cum

564 3237 765 3295 cantu
809 3231 1081 3295 dicentis
1116 3235 1179 3293 et
1203 3231 1424 3295 crebro
1460 3231 1806 3313 repetentis
1839 3282 1851 3295 .
1890 3279 1904 3293 .
1939 3283 1951 3296 .
1990 3230 2066 3294 ,δε
2117 3231 2332 3313 ‘Tolle,
2383 3232 2526 3316 leye,
2578 3234 2736 3313 tolle,
2787 3232 2964 3316 leye’.
3021 3232 3294 3297 Statim-

565 3359 685 3421 que
733 3341 979 3401 mutato
1025 3337 1216 3399 vultu
1260 3335 1746 3403 intentissimus
1793 3338 2068 3421 coyitare
2112 3338 2305 3422 coepi,
2351 3345 2744 3403 utrumnam
2779 3340 3057 3403 solerent
3089 3340 3300 3422 pueri

561 3445 641 3507 in
693 3444 914 3527 aliquo
962 3464 1191 3527 yenere
1238 3442 1505 3507 ludendi
1556 3443 1875 3508 cantitare
1930 3446 2054 3509 tale
2107 3445 2386 3529 aliquid,
2442 3467 2560 3510 nee
2603 3446 2978 3511 occurrebat
3021 3445 3297 3511 omnino

562 3551 823 3614 audisse
868 3571 969 3613 me
1012 3548 1278 3633 uspiam
1322 3571 1733 3635 repressoque
1776 3551 2028 3635 impetu
2076 3552 2501 3617 lacrimarum
2554 3552 2819 3617 surreoei
2875 3552 3054 3617 nihil
3103 3552 3300 3617 aliud

780 3778 800 3812 ²
836 3778 921 3831 De
951 3777 1249 3832 Victorino
1288 3778 1385 3832 illo
1411 3778 1759 3846 Augustinus
1799 3779 1936 3833 haec
1975 3780 2146 3833 refert
2175 3780 2358 3848 (Conf.
2389 3780 2541 3835 VIII
2569 3782 2620 3848 2,
2649 3782 2730 3849 3):
2773 3782 3182 3851 Se'mplieianus
3205 3824 3218 3836 .
3245 3826 3256 3836 .
3281 3824 3294 3837 .

563 3873 623 3922 ut
658 3885 745 3921 me
779 3868 1152 3921 exhortaretur
1188 3867 1262 3920 ad
1295 3866 1667 3921 humilitatem
1710 3868 1925 3922 Christi
1956 3869 2299 3938 sapientibus
2336 3870 2711 3923 absconditam
2745 3876 2794 3923 et
2827 3870 3120 3924 revelatam
3149 3888 3293 3940 par-

560 3958 721 4025 vulis,
759 3957 1107 4011 Victorinum
1136 3956 1329 4026 ipsum
1346 3957 1663 4011 recordatus
1692 3963 1783 4025 est,
1815 3975 1986 4027 quem,
2016 3959 2224 4012 Romae
2242 3976 2369 4013 eum
2387 3965 2533 4025 esset,
2561 3959 3020 4027 familiarissime
3037 3967 3260 4014 noverat
3271 3980 3292 4025 ‚·

560 4046 724 4115 deque
758 4046 856 4099 illo
892 4044 1042 4099 mihi
1073 4044 1331 4099 narravit
1359 4087 1372 4099 .
1404 4086 1417 4099 .
1448 4087 1463 4100 .
1499 4047 1956 4115 quemadmodum
1989 4047 2084 4101 ille
2119 4048 2472 4107 doctissimus
2506 4066 2668 4103 senex
2701 4054 2750 4102 et
2783 4048 3038 4103 omnium
3083 4048 3294 4102 libera-

561 4136 707 4189 lium
742 4134 1125 4187 doctrinarum
1153 4134 1536 4203 peritissimus
1582 4134 1780 4203 quique
1810 4136 2261 4205 philosophomm
2305 4143 2422 4191 tam
2465 4137 2642 4193 multa
2687 4138 2883 4207 leqerat
2919 4143 2968 4191 et
3001 4136 3292 4192 diiudica-

558 4229 722 4287 verat‚
769 4224 954 4277 doctor
998 4228 1071 4277 tot
1114 4223 1389 4277 nobilium
1431 4229 1763 4291 senatorum,
1811 4223 1912 4293 qui
1953 4224 2121 4277 etiam
2167 4225 2230 4279 ob
2269 4225 2489 4295 insiyne
2515 4226 2803 4297 praeclari
2835 4224 3154 4295 mayisteaew’i
3181 4268 3194 4279 .
3227 4268 3242 4280 .
3273 4270 3288 4281 .

558 4318 803 4382 statuam
838 4312 1090 4366 Romano
1124 4311 1246 4381 foro
1282 4318 1557 4366 meruerat
1590 4317 1639 4366 et
1676 4318 1967 4382 acceperat,
2009 4354 2021 4367 .
2051 4352 2068 4369 .
2097 4354 2110 4367 .
2147 4332 2261 4369 non
2297 4316 2570 4369 eraebuerit
2605 4333 2716 4370 esse
2753 4333 2897 4385 puer
2939 4314 3157 4370 Christi
3184 4356 3198 4369 .
3227 4357 3240 4370 .
3277 4358 3290 4370 .

556 4402 792 4455 subiecto
838 4401 970 4455 collo
1020 4401 1094 4454 ad
1136 4400 1480 4455 humilitatis
1526 4400 1721 4469 iuyum
1766 4407 1816 4454 et
1852 4401 2091 4456 edomita
2123 4402 2301 4471 fronte
2345 4404 2421 4459 ad
2456 4404 2639 4459 crucis
2675 4404 3050 4474 opprobrium.
3125 4403 3176 4469 5,
3219 4405 3293 4459 10

559 4482 927 4559 imperatoris
946 4489 1165 4543 Iuliani
1204 4490 1534 4560 temporibus
1571 4492 1680 4558 leqe
1713 4490 1846 4545 data
1875 4491 2151 4559 prohibiti
2183 4499 2316 4547 sunt
2360 4492 2674 4548 Christiani
2705 4494 2891 4547 docere
2915 4492 3293 4547 litteraturam

558 4584 606 4631 ct
643 4578 965 4649 oratoriam,
1005 4596 1173 4647 quam
1208 4579 1373 4647 lcqem
1410 4580 1504 4633 ille
1540 4580 1825 4649 atriplexus
1862 4581 2138 4649 loquacem
2173 4582 2416 4637 scholam
2451 4585 2688 4637 deserere
2722 4583 2941 4638 maluit.

772 4682 795 4717 ²
832 4684 1077 4737 Confess.
1118 4682 1269 4739 VIII
1308 4686 1357 4750 7,
1400 4685 1482 4739 18.

775 4788 797 4823 ³
832 4786 987 4845 VIII
1028 4790 1111 4856 12,
1150 4790 1239 4845 29.
