3567 5109
1700 300 2135 374 „53-

569 507 627 565 si
673 504 1076 566 Muellerum
1127 505 1496 581 sequimur,
1546 505 1681 581 qui·
1711 502 2141 565 statuendam
2191 519 2343 563 esse
2380 508 2575 581 putat
2603 493 3271 581 hephthemimeren‚

565 626 701 669 non
783 594 1388 687 penthemimeren,
1454 609 1511 667 si
1575 613 1735 687 post
1812 609 2032 669 thesin
2112 593 2423 685 quartam
2504 624 2655 667 eum
2735 604 2953 675 verbo
3032 604 3273 664 finitur

565 716 938 773 sententiae
988 712 1213 794 aliqua
1261 730 1440 791 parS,
1488 714 2051 791 semiseptenaria
2099 716 2323 773 exstat
2371 713 2439 771 in
2489 712 2590 771 his
2636 706 2985 797 versibus:

981 834 1045 889 X,
1087 836 1178 883 91:
1218 833 1322 883 Cui
1361 838 1564 883 cuneta
1601 838 1794 882 saneta
1832 834 1979 898 iura,
1998 829 2017 898 ΙΙ
2036 845 2169 883 cara
2206 834 2458 896 nomina,

981 921 1179 981 XXIV,
1218 923 1308 971 81:
1347 920 1696 971 Novatianus
1733 920 1849 987 ille,
1867 916 1887 986 ΙΙ
1905 920 2197 969 discissam
2235 919 2427 978 tidem,

1184 1010 1312 1059 211:
1354 1006 1684 1058 Commenta
1721 1007 1935 1056 domini
1977 1003 2187 1073 mir-mu
2206 1019 2421 1057 mersus
2459 1018 2721 1068 aequore.

1183 1096 1312 1144 483:
1351 1095 1564 1144 Ditavit
1600 1094 1801 1144 humili
1840 1094 2028 1160 eorde,
2066 1098 2127 1144 ut
2144 1090 2165 1161 ΙΙ
2181 1100 2471 1145 aeternam
2510 1094 2632 1155 tibi,

1187 1184 1316 1231 605:
1357 1182 1428 1231 Et
1463 1183 1565 1231 illa
1604 1179 1802 1231 Samso
1839 1186 2011 1247 gesta,
2030 1178 2049 1247 Η
2068 1194 2214 1243 quae
2252 1181 2446 1244 priora
2482 1187 2629 1230 sunt.

566 1309 788 1370 Solam
839 1314 1062 1368 autem
1114 1308 1746 1385 hephthemimeren
1797 1308 2107 1367 invenies
2157 1307 2259 1366 his
2308 1306 2511 1366 loeis:

979 1428 1126 1493 XXI,
1173 1430 1292 1477 122:
1331 1427 1546 1478 Ieeireo
1586 1441 1686 1477 nos
1724 1428 1997 1489 magistra
2016 1424 2035 1495 Η
2053 1427 2435 1492 providentia,

979 1515 1174 1581 XXIV,
1212 1518 1339 1565 599:
1381 1512 1518 1565 Saiil
1557 1516 1614 1565 in
1655 1516 1762 1565 hoe
1801 1512 2066 1581 deiiciatss
2085 1520 2140 1564 et
2174 1519 2367 1577 regnet
2402 1514 2603 1578 David,

1201 1604 1330 1653 813:
1369 1602 1693 1665 Sapientiae
1730 1598 2214 1668 monilessgloriae
2250 1603 2469 1651 stolam.

561 1728 786 1787 Tmesi
835 1744 1110 1805 quoque
1176 1725 1496 1787 Paulinus
1547 1744 1709 1787 usus
1758 1725 2035 1787 videtur
2082 1744 2232 1787 esse
2280 1726 2387 1802 (ef.
2438 1742 2647 1803 supra
2692 1744 2755 1803 p.
2805 1724 2947 1799 55);
2998 1742 3153 1785 nam
3201 1726 3265 1783 in
3318 1796 3325 1803 ,

562 1832 663 1891 his
715 1830 1056 1893 versibus:

983 1953 1046 2018 X,
1085 1954 1177 2003 65:
1217 1951 1288 2001 Se
1323 1952 1578 2018 eogitari,
1615 1952 1883 2017 intellegi,
1921 1952 2097 2019 credi,
2134 1952 2261 2017 legi,

977 2038 1174 2105 XXIV,
1211 2042 1338 2090 747:
1379 2040 1450 2088 Et
1484 2040 1815 2089 sustinendo
1854 2040 2171 2101 iniquitatis
2208 2040 2454 2089 vincula.

1217 2130 1342 2178 917:
1383 2127 1701 2178 meridiano
1739 2127 2006 2177 incendio
2044 2127 2243 2176 mundi
2282 2140 2501 2189 repens,

561 2255 677 2309 aut
725 2249 908 2311 nulla
956 2256 1059 2311 est
1106 2268 1385 2312 caesura
1449 2284 1531 2294 —-
1589 2253 1656 2311 in
1705 2268 1913 2311 versu
1962 2252 2141 2312 enim
2190 2250 2425 2326 XXIV,
2474 2254 2595 2310 747
2647 2248 3069 2327 synaloephe
3116 2265 3265 2326 pro—

561 2352 892 2427 hibemur,
957 2356 1122 2431 quin
1189 2356 1590 2415 incisionem
1639 2361 1800 2433 post
1847 2354 2197 2433 dipodiam
2248 2356 2538 2433 primam
2588 2359 2965 2414 statuamus
3014 2386 3099 2397 —
3155 2359 3265 2413 aut

558 2464 783 2520 exstat
829 2460 897 2518 in
947 2460 1162 2519 tmesi.
1212 2456 1654 2537 Nequaquam
1705 2475 1871 2519 vero
1907 2458 2345 2519 offendemur
2379 2458 2703 2519 distracta
2737 2457 3266 2536 praepositione,

563 2558 662 2643 ἱτιΗ
682 2566 792 2638 ter,
857 2565 1012 2640 quia
1059 2564 1330 2641 saepius
1397 2581 1434 2625 a
1500 2565 1724 2642 poetis
1792 2564 2050 2625 Latinis
2115 2565 2315 2625 tmesi
2380 2562 2727 2633 dirimitur
2791 2560 2897 2641 (ef.
2946 2560 3267 2633 Mueller„

561 2684 620 2745 p.
648 2672 766 2727 461
795 2667 892 2743 s).
926 2666 1008 2727 In
1039 2667 1358 2728 versibus
1401 2686 1676 2746 quoque
1719 2668 1893 2745 XXI,
1947 2673 2065 2728 187
2102 2675 2170 2729 et
2202 2672 2323 2728 229
2359 2674 2648 2729 statuam
2682 2668 3263 2746 penthemimeren

559 2774 626 2832 in
672 2771 906 2833 verbis
955 2774 1374 2852 compositis.
1438 2774 1604 2835 Nam
1671 2774 2291 2852 hephthemimeres
2356 2774 2425 2834 in
2488 2774 2721 2853 priore
2768 2789 2976 2833 versu
3042 2773 3267 2832 minus

561 2884 752 2953 grate
821 2876 1156 2939 incideret
1220 2880 1398 2939 inter
1444 2896 1651 2940 voees
1716 2885 1969 2937 emm-tus
2032 2885 2136 2955 est,
2204 2883 2273 2939 at
2328 2883 2491 2958 post
2544 2878 3127 2956 praepositionem
3176 2894 3267 2950 ex,

556 2982 614 3041 si
681 2998 850 3042 voce
919 2980 1380 3055 subsistimuS‚
1465 2982 1689 3060 figura
1754 2986 2087 3062 parisosis
2146 2983 2358 3059 adest,
2425 2983 2496 3043 in
2573 2980 2963 3060 posteriore
3040 2986 3263 3042 autem

557 3084 674 3146 illa
739 3084 1147 3146 stabilienda
1211 3092 1394 3146 esset
1459 3088 1526 3147 in
1593 3086 2033 3166 synaloephe,
2098 3105 2135 3148 a
2200 3104 2332 3165 qua
2396 3087 2599 3167 poeta
2644 3086 2752 3147 vel
2818 3088 2887 3147 in
2946 3087 3265 3163 semiqui-

563 3193 749 3251 naria
797 3189 1169 3251 abhorruit.
1219 3189 1484 3269 Legere
1533 3193 1744 3269 igitur
1792 3194 1973 3253 malo
2021 3209 2269 3253 versus
2318 3194 2444 3253 ita:

977 3311 1122 3377 XXI,
1165 3312 1285 3361 187:
1327 3310 1484 3361 Felix
1525 3312 1596 3361 ad
1636 3313 1792 3362 illam
1830 3326 1897 3362 ex
1916 3310 1934 3379 Η
1954 3318 2108 3363 ortus
2147 3318 2229 3363 est
2264 3314 2589 3379 potentiam,

975 3398 1120 3463 XXI,
1160 3401 1284 3450 229:
1325 3398 1619 3449 Retroaeta
1659 3400 1748 3450 vel
1790 3413 1928 3463 prae
1944 3397 1965 3467 ΙΙ
1980 3402 2161 3450 sentia
2200 3402 2435 3451 humani
2473 3406 2665 3451 statue.

765 3520 1075 3599 Denique
1143 3540 1295 3583 eum
1364 3525 1660 3601 pessime
1728 3542 1800 3585 se
1849 3523 2093 3586 habeat
2141 3525 2469 3586 diaeresis
2536 3532 2697 3603 post
2743 3526 3013 3584 tertiam
3064 3524 3265 3595 arsin,

557 3624 799 3687 melius
867 3634 1024 3704 post
1087 3630 1377 3706 primam
1446 3630 1555 3691 vel
1621 3628 1901 3691 alteram
1971 3629 2339 3709 dipodiam,
2414 3649 2550 3693 non
2618 3629 2820 3704 illam,
2896 3627 3019 3689 sed
3097 3630 3263 3689 hane

556 3737 826 3792 exstare
893 3737 1063 3809 puto
1129 3731 1362 3807 XXIV,
1423 3740 1578 3793 659:
1629 3752 1746 3813 quo
1794 3730 2005 3815 capite
2041 3730 2221 3792 liberi
2253 3730 2762 3816 meperfltaetrum
2801 3738 3019 3814 caput.
3070 3751 3261 3811 prae-

557 3836 790 3896 sertim
843 3854 994 3896 cum
1043 3837 1452 3897 contulerim
1501 3839 1629 3898 hos
1678 3856 1957 3899 versus:

972 3956 1097 4023 vn,
1135 3960 1192 4007 3:
1235 3958 1302 4006 Et
1340 3959 1397 4006 in
1435 3960 1530 4007 via
1555 3957 1561 4023 Ι
1587 3960 1942 4021 peccantium
1962 3955 1981 4025 Η
2000 3973 2113 4009 non
2154 3960 2436 4025 manserit,

972 4044 1168 4110 XXIV,
1211 4046 1334 4096 179:
1374 4046 1607 4095 Tabulis
1648 4046 1833 4096 adhuc
1853 4043 1871 4112 Η
1889 4047 2297 4108 supernatabat
2331 4048 2567 4111 extimi5‚

1203 4134 1328 4181 895:
1369 4133 1596 4213 Pietatis
1635 4130 1999 4199 admirabili„
2018 4132 2298 4196 mysterio
2478 4125 2482 4131 ’

557 4236 790 4314 Neque
858 4244 1083 4299 tamen
1151 4256 1400 4317 negare
1447 4257 1729 4317 possum
1797 4242 1905 4301 vel
1972 4240 2308 4301 diaeresin
2361 4248 2517 4317 post
2584 4243 2851 4300 tertiam
2909 4240 3255 4317 ‹lipodiam

555 4344 724 4418 ipsis
773 4341 1004 4402 verbis
1051 4362 1241 4421 super
1285 4349 1542 4401 taetrum
1599 4350 1793 4423 capnt
1842 4347 2174 4407 excusari.

1762 4570 2101 4578 —--———-—-——
