3567 5109
1485 313 1955 378 -103—

377 510 630 570 artium
679 507 1059 588 scriptores
1108 505 1384 567 dicendi
1438 505 1828 586 primordia
1883 507 2275 584 neglexisse
2325 513 2393 568 et
2439 509 2537 568 ita
2571 525 2723 569 esse
2773 525 3083 584 exorsos,

375 609 558 693 quasi
601 609 910 695 peffectia
943 607 1112 671 omni
1156 607 1290 672 alio
1317 628 1540 693 qenere
1587 607 1917 671 doctrinae
1964 631 2267 670 summam
2319 608 2459 694 [in]
2522 608 2885 692 eloquentia
2946 632 3079 672 vna·

374 736 526 777 num
587 715 998 798 imponerent,
1065 714 1358 794 tradit¹).
1452 717 1587 779 Sed
1652 718 1829 778 hauc
1897 715 2385 779 difficultatem
2470 716 2673 778 facile
2752 717 3086 796 expedire

375 821 785 901 poterimus,
835 821 893 883 si
943 822 1336 884 accuratius
1385 823 1452 883 in
1501 821 1693 883 illius
1726 819 1945 883 verba
1980 822 2568 900 inquisiverimuS.
2614 822 2852 901 Neque
2899 822 3083 884 enim

379 931 606 986 eeteros
673 927 840 989 haec
907 925 1183 989 dicendi
1247 925 1634 1005 primordia
1701 908 2022 989 omisisse
2068 925 2258 1001 dicit,
2324 925 2446 987 sed
2507 931 2737 986 eeteros
2766 924 2917 1010 fere
2967 931 3087 988 aut

367 1025 734 1111 plerosque;
787 1029 1106 1093 nonnulli
1157 1047 1326 1108 ergo
1376 1031 1483 1093 vel
1533 1031 1654 1092 has
1703 1028 1971 1109 primas
2020 1029 2265 1092 orandi
2316 1031 2856 1092 exercitationes
2912 1039 3083 1094 trac-

375 1141 722 1198 taverunt.
814 1137 1140 1198 Profecto
1207 1136 1501 1199 Plinium
1567 1139 1925 1212 maiorem,
1994 1135 2215 1214 quem
2244 1129 2581 1196 Studiosos
2646 1142 2778 1197 tres
2843 1136 2913 1198 in
2960 1153 3083 1198 sex

377 1241 732 1304 volumina
795 1246 1086 1322 propter
1133 1240 1657 1321 amplitudinem
1710 1240 1996 1317 divisos,
2044 1239 2299 1319 quibus
2348 1245 2706 1302 oratorem
2772 1241 2855 1302 ab
2898 1241 3084 1303 incu-

375 1345 646 1408 nabulis
701 1346 1100 1409 institueret
1157 1350 1225 1407 et
1271 1344 1645 1425 perficeret
1695 1331 1899 1424 (Plin.
1949 1345 2072 1425 Ep.
2121 1343 2224 1406 III
2274 1353 2331 1420 5,
2382 1344 2466 1424 5),
2504 1344 2869 1425 scripsisse
2926 1361 3083 1406 con·

375 1455 528 1526 stat,
594 1451 679 1512 de
735 1452 843 1512 his
906 1450 1121 1514 rebus
1171 1450 1630 1530 disputavisse
1676 1452 1827 1513 veri
1874 1448 2303 1512 simillimum
2348 1456 2453 1512 est
2500 1455 2569 1511 et
2616 1449 2893 1512 Celsum
2940 1466 3081 1512 eas·

376 1554 532 1616 dem
579 1573 718 1618 non
767 1556 1084 1618 omisisse
1151 1555 1436 1634 colligas
1486 1573 1570 1618 ex
1616 1555 1797 1616 Iulio
1832 1553 2231 1632 Severiano,
2279 1554 2476 1617 cuius
2511 1554 2727 1618 sectio
2776 1555 3081 1618 secunda

377 1665 520 1722 tota
583 1667 907 1723 versatur
973 1662 1046 1722 in
1113 1666 1398 1723 oratore
1463 1658 1916 1736 instituendo,
1964 1665 2039 1721 ut
2086 1660 2278 1722 illum
2329 1659 2541 1722 etiam
2606 1660 2691 1723 de
2756 1662 2857 1736 iia,
2905 1676 3082 1739 quae

375 1765 660 1845 proprie
746 1772 1114 1842 vocantur,
1199 1763 1832 1846 progymnasmatis
1910 1766 2136 1843 egisse
2212 1763 2583 1844 probabile
2677 1765 2787 1827 sit.
2897 1765 3079 1838 Qua-

375 1877 665 1948 propter
720 1869 1136 1943 Quintiliani
1202 1871 1438 1947 verba,
1486 1869 1859 1950 quominus
1925 1868 2275 1931 Isidorum
2339 1868 2455 1932 illa
2519 1867 2747 1949 capita
2795 1887 2879 1933 ex
2924 1870 3085 1933 rhe-

377 1977 596 2036 torica
654 1975 948 2054 quadam
1015 1975 1258 2037 Latina
1324 1977 1772 2054 exscripsisse
1822 1979 2226 2049 statuamus,
2293 1991 2433 2036 non
2503 1973 2785 2037 obstare
2868 1977 3083 2038 mani·

376 2075 629 2140 festum
684 2086 809 2142 est.
865 2078 1192 2142 Ceterum
1238 2079 1300 2141 si
1349 2083 1750 2160 episcopum
1799 2079 2285 2158 Hispalensem
2332 2079 2463 2141 hoc
2510 2080 2664 2142 loco
2712 2096 2796 2141 ex
2844 2097 3082 2160 gram-

376 2182 606 2245 matici
641 2183 1014 2246 ‘cuiusdam
1064 2184 1580 2247 commentariis
1627 2201 1724 2256 ea,
1775 2201 1949 2261 quae
1997 2183 2226 2259 habet,
2272 2185 2343 2250 in
2388 2182 2811 2245 rhetoricam
2859 2191 3083 2247 trans·

377 2286 615 2348 tulisse
680 2293 1163 2366 statueremuS,
1230 2289 1346 2350 via
1412 2294 1480 2351 et
1545 2291 1817 2350 ratione
1882 2306 2013 2350 nos
2079 2289 2181 2349 uti
2246 2304 2597 2366 negarem,
2666 2306 2821 2349 cum
2885 2289 3079 2351 illum

378 2392 544 2470 quid
597 2393 686 2454 ad
732 2399 948 2456 artem
995 2394 1378 2457 oratoriam
1427 2395 1833 2473 pertineret.
1884 2393 2053 2472 quid
2100 2411 2239 2454 non
2288 2393 2689 2472 pertineret,
2739 2393 3079 2456 delibera-

379 2495 563 2557 visse
611 2515 752 2570 non
785 2499 891 2586 ‚sit
936 2503 1079 2560 veri.
1127 2498 1369 2561 simile.

585 2601 719 2664 Sed
769 2602 964 2665 adest
1010 2610 1282 2666 certum
1329 2605 1682 2681 indicium,
1731 2621 1869 2681 quo
1918 2621 2047 2664 nos
2093 2609 2281 2665 recte
2328 2601 2751 2665 iudicavisse
2798 2601 3081 2664 demon-

377 2711 660 2769 stratur.
751 2708 929 2769 Num
977 2707 1161 2770 enim
1209 2715 1591 2772 statuamus
1639 2726 1805 2770 casu
1854 2707 2111 2770 factum
2170 2725 2340 2780 esse,
2388 2713 2466 2769 ut
2512 2707 2847 2783 Isidorus,
2892 2715 3083 2788 post—

377 2827 582 2889 quam
638 2810 724 2872 de
769 2812 1178 2892 primordiis
1245 2814 1520 2876 dicendi
1570 2812 1976 2893 disputavit,
2035 2812 2119 2874 de
2168 2811 2543 2890 generibus
2592 2815 3079 2891 quaestionum

375 2917 652 2991 ageret?
733 2913 938 2988 Quod
1003 2923 1226 2996 caput,
1295 2918 1461 2996 quin
1522 2935 1606 2979 ex
1672 2917 1871 2979 initio
1942 2916 2299 2978 cuiusdam
2364 2915 2750 2978 rhetoricae
2816 2919 2905 2978 sit
2969 2934 3081 2980 ex-

375 3019 732 3098 scriptum,
783 3019 950 3082 mihi
999 3040 1138 3082 non
1188 3028 1293 3092 est
1340 3021 1712 3099 dubium2).
2538 3014 2541 3016 ’

579 3125 687 3188 Ita
735 3125 952 3188 totius
994 3125 1484 3204 disputationis
1517 3124 1855 3202 ordinem,
1904 3125 2024 3204 qui
2074 3124 2300 3204 primo
2333 3125 2664 3204 adspectu
2698 3126 2871 3186 mire
2918 3141 3077 3187 con·

374 3228 569 3290 fusus
617 3235 685 3292 et
732 3230 1053 3291 turbatus
1100 3229 1378 3291 videtur
1443 3247 1615 3303 esse,
1671 3229 2017 3292 rationem
2067 3229 2418 3308 quandam
2464 3230 2723 3292 lubere
2770 3235 3078 3309 apparet.

375 3333 480 3394 Ex
528 3332 804 3396 duabus
868 3336 1050 3397 enim
1116 3333 1437 3414 partibus
1504 3353 1581 3396 ea
1631 3334 1831 3413 quasi
1880 3334 2363 3413 conglutinata
2412 3339 2529 3396 est.
2624 3333 2799 3396 Pars
2860 3337 3077 3414 prior,

375 3455 505 3463 ——-

722 3457 785 3464 -ς

585 3505 628 3571 ¹)
667 3507 694 3556 Ι
729 3520 816 3570 pr.
855 3509 914 3557 3:
957 3505 1083 3556 Pleu
1137 3523 1288 3569 quam
1323 3505 1677 3570 imponebatur·
1729 3508 1899 3556 oneris
1952 3511 2130 3570 sponte
2164 3507 2376 3569 euecept',
2413 3505 2567 3554 et‘aenul
2599 3512 2653 3555 ut
2698 3505 2937 3570 pleniore
2990 3506 3074 3556 ob·

371 3594 542 3656 eequio
599 3591 888 3643 demererer
943 3594 1324 3643 amantiuae'moe
1377 3595 1491 3652 nuci,
1547 3593 1700 3642 einttel
1749 3609 1813 3642 ne
1849 3592 2110 3658 vulgarem
2163 3594 2300 3643 viam
2356 3594 2619 3658 ingressus
2658 3591 2842 3645 alienis
2878 3591 3077 3644 demum

371 3680 598 3745 veeeiqiie
635 3681 940 3730 inciderem.
975 3679 1008 3746 ξ
1044 3685 1101 3730 4:
1143 3680 1279 3730 Nam
1314 3682 1468 3730 celeri
1491 3681 1630 3744 sere,
1667 3682 1754 3744 qui
1790 3686 1952 3731 artem
1990 3679 2179 3730 orandi
2214 3679 2396 3728 litteris
2434 3679 2777 3741 tradiderunt,
2830 3681 2907 3730 ita
2962 3687 3079 3731 eunt

373 3768 558 3824 aot-ei,
597 3769 748 3830 quan·
779 3766 1021 3831 perfectio
1057 3769 1192 3816 omni
1228 3766 1332 3817 alio
1362 3783 1552 3832 genere
1588 3765 1851 3816 doctrinae
1888 3783 2135 3816 tammam
2176 3765 2302 3832 [in]
2353 3765 2637 3829 eloquentia
2671 3783 2879 3817 ”tanum
2914 3768 3073 3832 §napo-

371 3859 559 3904 nerent.
600 3855 627 3904 1
667 3857 715 3920 9,
753 3857 846 3905 21:
891 3853 1000 3914 Quo
1033 3855 1198 3919 mayiae
1233 3853 1566 3917 impetranda
1601 3855 1696 3903 erit
1730 3855 1897 3913 venia,
1936 3856 1983 3902 ei
2006 3870 2069 3905 ne
2092 3854 2296 3902 minora
2320 3851 2525 3916 quidem
2560 3852 2674 3914 illa,
2710 3869 2879 3904 ver-mu
2916 3858 3075 3922 operi,

371 3940 506 4003 quod
557 3942 881 4006 instituimus,
919 3941 1217 3990 neceam-ia
1259 3941 1572 4004 praeter-ibo.
1645 3941 1781 3991 Nam
1822 3941 1947 3990 liber
1974 3942 2175 4004 primm
2213 3954 2293 4001 ea,
2330 3955 2463 4002 quae
2502 3945 2635 3990 ‘eunt
2694 3948 2813 3991 ante
2848 3940 3071 4006 officium

369 4029 603 4093 rhetoric,
641 4028 926 4092 continebit,
961 4027 1182 4079 ,secundo
1208 4031 1385 4092 privita
1427 4027 1570 4093 apud
1594 4028 1841 4079 rhetorem
1878 4027 2125 4079 elementa
2150 4066 2163 4080 .
2191 4068 2203 4081 .
2234 4065 2246 4077 .
2271 4026 2619 4078 tractabimus.
2657 4027 2715 4078 11
2751 4033 2801 4094 4,
2842 4033 2896 4079 1:
2938 4029 3075 4080 Hinc

371 4116 495 4175 iam,
535 4132 664 4179 quae
689 4116 895 4179 primae
930 4117 986 4165 in
1030 4115 1257 4166 docendo
1303 4123 1488 4180 par-lec
1540 4115 1795 4166 rhetorum
1822 4123 2013 4179 putem,
2050 4115 2257 4164 tradere
2294 4116 2535 4178 incipiam
2587 4113 2759 4164 dilata
2785 4132 3074 4182 parumper

371 4201 480 4267 illa,
517 4218 650 4265 quae
688 4202 804 4254 oola
838 4201 986 4269 culqo
1021 4209 1245 4268 vocalior,
1283 4209 1396 4254 arte
1429 4203 1696 4254 rhetorica.
1738 4205 1794 4254 11
1828 4209 1907 4270 11,
1949 4209 2017 4255 1·
2049 4203 2161 4252 lam
2197 4201 2313 4252 hinc
2349 4217 2466 4266 erqo
2491 4199 2633 4250 nobis
2668 4202 2959 4252 incohandum
2997 4211 3071 4254 est

372 4303 434 4338 ea
460 4305 596 4351 pare
633 4290 779 4355 artie,
818 4305 931 4340 exn
918 4307 1020 4352 qua
1057 4306 1240 4354 capere
1275 4291 1470 4340 initinm
1507 4290 1683 4355 solent,
1721 4293 1807 4354 qui
1834 4307 2017 4354 priora
2052 4292 2340 4342 omiserunt.
2677 4312 2685 4318 ·

578 4375 614 4443 ²)
653 4377 794 4428 Nam
834 4379 1118 4428 Isidorum
1157 4391 1240 4443 ea,
1278 4391 1424 4440 quae
1447 4379 1634 4444 habet,
1662 4392 1728 4428 cx
1765 4377 2051 4430 Ciceronis
2088 4379 2278 4428 verbis
2312 4375 2481 4440 (Part.
2520 4391 2600 4427 or.
2640 4379 2753 4438 61):
2796 4375 2911 4426 Duo
2935 4385 3069 4442 mm,

367 4468 422 4511 ue
457 4463 600 4512 ιἠἰείο
639 4465 768 4532 dixi,
805 4466 1150 4528 quaestionum
1185 4480 1407 4530 qemi-cu
1442 4481 1646 4528 qum-nm
1673 4463 1907 4530 alterum,
1918 4464 2133 4528 finitum
2170 4464 2469 4526 temporibus
2506 4470 2553 4514 et
2572 4464 2821 4527 percomis,
2858 4463 3067 4513 c'aeoeam

369 4549 598 4614 appello5
657 4549 872 4602 alterum
924 4551 1195 4615 infinitum,
1249 4551 1406 4601 mellic
1459 4566 1618 4616 neque
1655 4555 1894 4616 peremtis
1930 4567 2091 4614 neque
2126 4551 2428 4614 temporibus
2464 4557 2708 4613 notatum,
2753 4551 3067 4613 propositum

369 4653 496 4688 voco.
539 4637 646 4689 Sed
687 4645 762 4688 est
803 4638 1102 4689 consultatio
1141 4640 1294 4702 quan·
1337 4637 1490 4688 latior
1530 4655 1662 4702 pare
1702 4655 1889 4689 caueae
1924 4638 2177 4702 quaedam
2216 4645 2261 4688 et
2298 4639 2681 4704 controversiae,
2722 4651 3067 4700 quamquam

367 4727 730 4788 reperiuntur
769 4727 1050 4790 quaedam
1087 4727 1314 4786 similia,
1353 4726 1690 4776 confinxisse
1725 4728 2071 4789 negaverim.
2112 4727 2268 4776 idem
2296 4726 2446 4775 valet
2482 4725 2552 4774 de
2590 4725 2714 4774 aliis
2752 4724 2903 4786 apud
2940 4725 3065 4774 rhe-

369 4819 513 4862 tores
551 4813 706 4880 locis,
745 4817 848 4882 qui
880 4814 954 4864 ad
991 4814 1140 4864 hanc
1175 4827 1292 4864 rem
1333 4814 1633 4876 pertinent.
