3567 5109
1522 296 1920 355 ..-3.ῌ

364 505 777 588 Ueberweg.¹
842 504 1227 588 Thrasyllus
1266 505 1467 585 igitur
1502 504 1810 568 Platonis
1847 503 2050 568 libros
2088 524 2319 567 novem
2359 502 2728 585 tetralogiis
2767 505 3088 581 attribuit,

362 614 429 675 in
497 634 773 695 quarum
841 618 1082 695 quarta
1136 610 1523 675 Alcibiades
1590 610 1771 692 prior
1835 616 1902 673 et
1965 610 2290 693 posterior
2355 611 2633 693 primum
2689 619 2755 675 et
2812 611 3090 675 alterum

360 718 577 783 locum
624 719 943 783 obtinent.

577 827 839 890 Deinde
886 826 1119 891 Cicero
1168 848 1247 889 ex
1291 824 1409 889 illa
1458 824 1753 889 Socratis
1812 848 1958 889 cuni
2006 823 2356 889 Alcibiade
2418 826 2864 907 disputatione
2922 846 3087 889 nou·-

360 934 527 997 nihil
574 935 1006 1017 deprompsit3
1057 933 1312 997 confer:

507 1131 621 1183 Cic.
653 1129 815 1182 Tusc,
847 1129 879 1182 I
906 1130 1004 1185 52:
1046 1128 1145 1181 Est
1180 1128 1323 1181 illud
1360 1128 1581 1196 quidem.
1620 1127 1726 1179 τρί’
1896 1128 2023 1180 Alc.
2055 1128 2085 1181 I
2127 1128 2314 1182 1333:
2357 1130 2467 1197 Ἆρ’
2499 1128 2626 1196 οὖν,
2663 1126 2713 1181 ὦ
2743 1131 2883 1198 φίλε
2914 1128 3088 1182 Ἀλκι-

356 1219 670 1271 νηιι.ι·ι“ηιιηη
710 1218 903 1271 animo
940 1218 1062 1286 ipso
1100 1218 1356 1270 a-m'nmm
1399 1216 1575 1269 cidere
1588 1233 1604 1273 ,·
1749 1217 1945 1288 βιάδη,
2000 1220 2095 1271 καὶ
2156 1218 2308 1287 ψυχὴ
2365 1221 2419 1271 εἰ
2467 1219 2680 1285 μέλλει
2744 1219 3090 1285 γνώσεσθαι

1754 1308 1956 1376 αὐτὴν,
1992 1311 2083 1376 εἰς
2121 1308 2314 1377 Ψυχὴν
2353 1312 2496 1377 αὐτῇ
2529 1308 2847 1378 βλεπτέον.

356 1403 407 1448 et
452 1396 730 1449 m'mc'mm
777 1396 921 1449 nane
975 1396 1127 1449 habet
1186 1395 1297 1447 ι’ἰυι-
1348 1400 1697 1462 praereptum
1902 1396 2092 1450 130E:
2133 1436 2144 1448 .
2177 1435 2189 1448 .
2221 1436 2234 1447 .
2269 1396 2585 1465 Σωκράτης
2613 1395 2937 1466 Ἀλκιβιάδῃ
2966 1396 3087 1451 δια-

362 1486 659 1553 Apollinis,
698 1504 801 1555 quo
836 1490 1031 1551 monet,
1067 1490 1129 1538 ut
1154 1502 1211 1535 se
1239 1484 1465 1552 qecaesqvw
1490 1488 1694 1536 noscat.
1752 1486 1996 1552 λέγεται
2023 1486 2192 1555 λόγῳ
2227 1486 2559 1555 χρώμενος,
2596 1489 2667 1539 οὐ
2694 1486 2854 1555 πρὸς
2881 1486 2950 1541 τὸ
2979 1486 3092 1539 σὺν

366 1576 490 1627 Non
516 1575 683 1641 enim,
722 1575 893 1640 credo,
934 1574 996 1626 id
1025 1573 1319 1641 praecipit,
1357 1578 1417 1625 ut
1455 1572 1698 1625 membra
1750 1574 2108 1641 πρόσωπον,
2154 1576 2243 1643 ὡς
2287 1576 2504 1642 ἔοικεν,
2557 1576 2718 1628 ἀλλὰ
2769 1576 2929 1643 πρὸς
2983 1576 3090 1629 τὸν

362 1670 553 1717 nostra
596 1669 693 1717 aut
736 1668 1008 1717 staturam
1044 1664 1349 1731 fiquramve-
1384 1678 1695 1715 noscamus.
1753 1662 2117 1733 Ἀλκιβιάδην
2187 1665 2553 1731 ποιούμενος
2623 1665 2766 1731 τοὺς
2837 1664 3087 1732 λόγους·

360 1752 545 1821 Neque
573 1770 670 1805 nos
698 1768 929 1820 corpora
954 1768 1165 1817 sumus,
1193 1768 1291 1803 nec
1317 1768 1409 1819 eqo
1438 1750 1543 1802 tibi
1567 1750 1697 1803 haec
1722 1735 1727 1778 ¹
1752 1762 1928 1805 τοῦτο
1947 1750 2180 1805 δ’ἐστὶν
2207 1752 2242 1819 ἡ
2271 1753 2443 1821 ψυχή.
2483 1752 2591 1805 Ἀλ.
2605 1772 2621 1805 .·
2651 1752 2882 1819 Εμοιγε
2908 1750 3087 1807 δοκεῖ.

358 1841 548 1895 :licem
604 1840 824 1909 corpori
876 1846 966 1893 tuo
1022 1840 1161 1892 dico.
1245 1840 1419 1903 Quom
1486 1838 1661 1907 iyitur
1675 1858 1692 1892 .·
1756 1839 1894 1894 Σω..·
1936 1840 2126 1908 Ψυχὴν
2153 1843 2272 1909 ἄρα
2297 1840 2452 1909 ἡμᾶς
2479 1841 2713 1893 κελεύει
2739 1842 3030 1909 γνωρίσαι
3055 1843 3090 1894 ὁ

362 1930 553 1983 ‘'Nosce-
578 1935 641 1994 tc,
679 1929 853 1995 dicit:
893 1930 991 1983 hoc
1018 1928 1157 1981 dicit
1172 1947 1189 1979 .·
1222 1928 1410 1980 ‘Nosce
1439 1946 1512 1981 an
1520 1928 1697 1981 imum
1750 1930 2084 1983 ἐπιτάττων
2121 1936 2352 1996 γνῶναι
2387 1930 2619 1983 ἑαυτὸν.
2670 1928 2778 1982 Ἀλ.
2791 1948 2808 1981 .·
2846 1928 3088 1983 Ἔοικεν.

358 2019 555 2071 hema?
632 2018 781 2069 Nam
828 2034 1023 2086 corpus
1070 2016 1292 2085 quidem
1336 2034 1433 2069 vas
1478 2022 1555 2069 est
1600 2022 1698 2069 aut
1756 2016 1865 2071 Σω.
1878 2038 1894 2070 .·
1929 2017 2122 2086 Ὅστις
2158 2020 2276 2086 ἄρα
2311 2025 2434 2071 τῶν
2469 2028 2578 2071 τοῦ
2613 2018 2892 2085 σώματός
2923 2034 2976 2071 τι
3004 2034 3088 2085 γι-

359 2108 589 2175 aliquod
612 2106 802 2160 animi
825 2107 1251 2175 receptaculum:
1292 2106 1361 2159 ab
1386 2106 1579 2158 animo
1607 2111 1697 2158 tuo
1722 2126 1727 2214 1
1750 2108 2033 2174 γνώσκει,
2069 2108 2140 2160 τὰ
2170 2110 2351 2161 αὑτοῦ
2387 2106 2525 2159 ἀλλ’
2555 2110 2661 2173 οὐχ
2689 2106 2870 2159 αὑτὸν
2897 2108 3086 2173 ἔγνω-

358 2196 626 2265 quicqu-id
662 2196 863 2263 ayitnr,
904 2195 966 2247 id
1002 2195 1190 2262 ayitur
1226 2213 1263 2247 τι·
1299 2200 1362 2247 te.
1722 2223 1727 2267 ;
1752 2214 1876 2249 κεν.
1918 2194 2026 2249 Ἀλ.
2039 2215 2056 2249 .-
2101 2196 2318 2263 Οὕτως.

579 2374 707 2459 Qui
755 2374 939 2439 locus
988 2396 1134 2438 cum
1182 2374 1323 2439 sine
1364 2374 1563 2438 dubio
1605 2394 1685 2437 ex
1723 2373 2092 2438 Alcibiadis
2142 2374 2404 2457 dialogo
2453 2376 2757 2456 pendeat,
2809 2374 3089 2439 alterum

360 2503 622 2565 quoque
686 2482 1022 2559 habemus,
1080 2502 1208 2564 quo
1268 2480 1500 2547 Cicero
1568 2480 1763 2545 huius
1830 2502 2150 2545 summam
2215 2482 2285 2545 in
2350 2483 2724 2545 universum
2791 2483 3086 2564 attigisse

362 2590 645 2654 videtur:
713 2588 908 2653 Tusc.
956 2588 1070 2651 ΙΙΙ
1120 2591 1231 2655 77:
1296 2638 1323 2666 „
1344 2589 1519 2665 Quid
1570 2590 1749 2652 enim
1804 2590 2108 2669 dicemus,
2166 2610 2360 2671 quom
2422 2590 2712 2653 Socrates
2759 2589 3093 2653 Alcibiade

354 2697 805 2781 persuasisset,
852 2702 932 2760 ut
974 2697 1357 2779 accepimus’,
1414 2717 1565 2759 eum
1609 2696 1786 2759 nihil
1830 2696 2118 2759 hominis
2164 2716 2312 2777 esse,
2360 2718 2475 2759 nec
2521 2697 2872 2779 quicqua-m
2919 2698 3090 2761 inter

363 2804 786 2885 Alcibiadem,
834 2824 1093 2867 summo
1142 2804 1271 2867 loco
1316 2808 1569 2883 'na-tum,
1618 2808 1679 2865 ct
1722 2803 2016 2885 quemvis
2067 2802 2368 2867 baiulum
2411 2803 2734 2883 interesse,
2782 2825 2978 2886 quom
3022 2828 3089 2865 sce

363 2911 727 2976 i-loez’biades
763 2910 1119 2993 afflictaret
1164 2910 1642 2993 lacrima-nsque.
1684 2909 1942 2973 Somni-i
1975 2909 2250 2993 supplem
2285 2914 2460 2989 esset,
2499 2916 2578 2971 ut
2609 2910 2744 2973 sibi
2779 2910 3090 2973 virtutem.

365 3020 642 3081 traderet
695 3018 1299 3101 turpitudinemque
1354 3017 1701 3099 depelleret.
1718 3023 1749 3049 “
1848 3013 2100 3080 Confer
2155 3014 2433 3079 eandem
2489 3013 2628 3079 fere
2688 3016 3088 3080 sententiam

363 3124 542 3207 apud
586 3123 940 3205 Augustin.
1027 3121 1163 3187 Civ.
1208 3120 1292 3185 D.
1340 3106 1520 3189 XIV
1568 3145 1619 3185 c..
1670 3124 1726 3186 8.
1812 3122 1953 3186 Nos
2002 3122 2266 3203 quidem
2311 3142 2526 3204 neque
2576 3120 2823 3187 Orellio
2870 3144 3087 3206 neque

361 3228 743 3307 Kuehner0‚
802 3230 957 3293 viris
1015 3229 1431 3307 doctissimiS,
1492 3229 1811 3293 adsentiri
1869 3250 2237 3311 possumus,
2289 3229 2421 3311 qui,
2474 3229 2652 3313 quod
2696 3228 3086 3295 Alcibiades

360 3338 431 3400 in
480 3336 742 3418 dialogo
799 3358 1125 3419 nusquam
1181 3336 1533 3400 lacrimans
1588 3335 1956 3414 inducatur,
2006 3334 2178 3401 hanc
2223 3336 2672 3401 narrationem
2719 3358 2798 3403 ex
2843 3338 3086 3401 amisso

360 3443 587 3526 aliquo
634 3442 939 3507 Platonis
992 3443 1139 3507 loco
1196 3444 1470 3526 petitam
1518 3464 1659 3506 esse
1709 3442 1952 3506 dicunt.
2054 3442 2285 3508 Cicero
2336 3442 2510 3507 enim
2558 3450 2624 3507 et
2668 3442 3086 3527 Augustinus

359 3572 683 3614 summam
740 3548 985 3633 dialogi
1040 3550 1171 3613 illis
1225 3550 1439 3613 verbis
1496 3550 1916 3632 expressisse,
1976 3548 2313 3633 dialogum
2368 3550 2585 3631 ipsum
2643 3558 2797 3614 ante
2845 3551 3086 3615 multos

360 3678 576 3721 annos
632 3656 935 3720 videntur
987 3656 1245 3737 legisse.
1340 3655 1559 3740 Quare
1618 3659 1968 3721 memoriae
2024 3656 2216 3739 lapsu
2272 3656 2469 3721 facile
2526 3656 2668 3721 fieri
2721 3660 2956 3740 potuit,
3017 3666 3090 3723 ut

364 3763 779 3828 Alcibiadem
824 3763 1281 3827 lacrimantem
1325 3763 1644 3841 facerent,
1703 3765 1890 3827 cuius
1945 3770 2166 3846 partes
2223 3786 2360 3829 non
2417 3771 2518 3828 est
2575 3765 2864 3845 dubium,
2927 3767 3088 3849 quin

364 3870 763 3933 miserrimae
813 3870 963 3933 sint.

576 3976 937 4041 Praeterea
984 3974 1371 4040 Alcibiades
1422 3975 1723 4058 dialogus
1770 3978 1842 4041 in
1887 3977 2125 4041 litteris
2169 3978 2361 4041 nobis
2411 3980 2694 4042 occurrit
2750 3980 3085 4060 scriptoris

363 4085 627 4148 nomine
676 4105 811 4149 non
859 4082 1062 4148 allato
1114 4084 1299 4166 apud
1338 4084 1659 4164 Persium,
1711 4086 1824 4166 qui
1869 4084 2157 4149 Neronis
2201 4084 2610 4168 temporibus
2649 4087 2888 4149 satiras
2929 4106 3084 4151 con-

362 4192 647 4273 scripsit.
739 4190 823 4255 In
881 4198 1121 4275 quarta
1167 4193 1343 4255 enim
1390 4192 1599 4255 satira
1650 4193 1923 4256 ineunte
1969 4190 2388 4255 Alcibiadem
2435 4192 2710 4256 Periclis
2759 4192 3088 4275 pupillum

360 4320 511 4363 cum
561 4297 853 4376 Socrate,
905 4320 1099 4382 quem
1148 4298 1293 4363 dira
1338 4299 1607 4365 sustulit
1653 4299 1888 4378 cicuta,
1941 4298 2423 4379 colloquentem
2467 4298 2741 4363 inducit.
2837 4300 2968 4363 Per
3016 4322 3084 4364 se

362 4404 768 4486 intellegitur
804 4405 1106 4468 Persium
1142 4425 1279 4469 non
1318 4406 1405 4469 ad
1442 4405 1709 4469 verbum
1746 4406 1818 4469 in
1859 4425 2226 4468 sermonem
2271 4404 2586 4469 Latinum
2629 4407 2920 4484 vertisse,
2971 4408 3088 4471 sed

364 4512 727 4576 sententias
783 4512 995 4576 solum
1043 4512 1541 4595 deprompsisse.
1620 4511 2007 4576 Alcibiades
2054 4512 2184 4590 ille,
2237 4512 2528 4594 corporis
2584 4513 2800 4594 specie
2850 4513 3083 4591 elatus,

579 4723 597 4757 ²
636 4724 731 4777 Dr.
764 4723 977 4776 Friedr.
1010 4707 1300 4793 llberweg,
1346 4724 1848 4793 [fiitersucliuugeu
1880 4725 2016 4777 iiber
2045 4725 2134 4777 (lie
2167 4724 2436 4777 Eelitheit
2476 4724 2588 4776 und
2627 4724 2907 4795 Zeitfolgc
2937 4726 3084 4779 Piae.

360 4812 649 4866 Schriften
688 4832 739 4881 p.
772 4814 891 4866 195.

2881 4920 2944 4973 1*
