3567 5109
1737 311 2225 375 -128—

611 525 876 590 raditur
911 522 1140 590 adfert.
1205 522 1420 606 Quem
1455 521 1673 588 locum
1711 521 1923 587 obiter
1957 521 2201 588 lectum
2236 521 2499 588 Nonius
2534 527 2672 588 tam
2710 522 2879 588 male
2915 521 3369 600 intellexerit,

609 652 763 696 eum
802 651 904 696 me
941 631 1268 697 invenisse
1308 637 1488 712 puto.
1539 629 1620 693 In
1659 629 1911 694 decimo
1952 630 2129 695 enim
2165 628 2573 696 columellae
2620 629 2789 696 libro
2834 629 3043 696 habes
3082 651 3367 694 versus:

930 792 1038 875 (81
1091 792 1255 875 seq.)
1301 791 1529 856 rudere
1577 797 1718 856 tum
1753 791 2018 875 piuqm‘,
2064 791 2265 856 solido
2313 793 2411 856 vel
2450 797 2719 857 stercore
2764 791 2949 857 aselli

1295 898 1650 962 clv-mentire
1695 899 1856 981 fimo
1900 903 2151 962 saturet
2192 898 2449 963 &iunia
2494 905 2717 964 terrae.

609 1059 738 1124 1110
787 1060 887 1125 vel
929 1065 996 1124 et
1041 1058 1358 1124 attributo
1396 1059 1643 1144 pinqui
1685 1057 1995 1124 inductus
2040 1057 2109 1122 Ν
2112 1060 2304 1124 onius
2348 1060 2560 1124 medus
2605 1080 2723 1142 pro
2770 1078 3145 1142 synonymo
3192 1064 3363 1122 ster-

605 1167 780 1230 coris
837 1165 1144 1231 habuisse
1201 1165 1360 1230 mihi
1415 1165 1672 1230 videtur
1724 1165 1927 1248 idque
1974 1185 2053 1229 eo
2098 1164 2357 1230 facilius
2402 1163 2545 1230 fieri
2600 1166 2835 1248 potuit,
2884 1165 3069 1249 quod
3114 1167 3363 1230 stat-im

607 1271 1032 1356 subsequitur
1085 1275 1290 1358 fimus
1342 1293 1465 1337 nec
1515 1271 1792 1336 multum
1836 1273 2112 1337 interest
2163 1273 2337 1337 inter
2384 1271 2606 1338 fimum
2663 1279 2731 1338 et
2774 1278 3048 1337 stercus,
3164 1273 3365 1350 Quod

605 1382 872 1446 raditur
907 1402 1052 1445 cum
1090 1379 1299 1458 addit,
1338 1378 1642 1444 videlicet
1679 1379 2139 1463 etymologiam
2170 1401 2241 1444 se
2270 1379 2593 1445 detexisse
2633 1380 2939 1464 opinatus
2975 1385 3096 1444 est
3130 1418 3231 1428 —
3262 1379 3359 1444 Ut

606 1488 740 1552 iam
789 1487 1134 1568 declarem,
1203 1507 1332 1571 quo
1381 1486 1544 1551 haec
1591 1486 1888 1566 tendant,
1952 1488 2207 1552 raudus
2251 1485 2355 1552 vel
2401 1489 2598 1552 rodus
2643 1493 2711 1551 et
2750 1489 2981 1566 mdus,
3046 1507 3235 1570 quae
3282 1489 3354 1552 in

603 1593 836 1660 lexicis
881 1601 958 1660 ut
1005 1595 1260 1660 diversa
1319 1591 1639 1659 vocabula
1684 1601 2136 1674 secernuntur,
2200 1615 2401 1660 unam
2456 1594 2864 1676 eandemque
2910 1615 3145 1660 vocem
3200 1615 3353 1659 esse

607 1701 910 1768 arbitror.
959 1701 1114 1768 Non
1163 1701 1426 1784 quidem
1472 1699 1722 1766 infitior
1765 1699 2045 1766 alterum
2082 1701 2272 1766 alteri
2310 1700 2589 1768 fortasse
2618 1702 2807 1786 stirpi
2836 1702 3349 1786 aggregandum

601 1830 750 1874 esse
769 1809 809 1888 ¹,
855 1815 1149 1875 attamen
1197 1829 1334 1872 rem
1379 1809 1475 1874 ita
1521 1829 1590 1872 se
1637 1807 1901 1886 habere,
1954 1815 2030 1873 ut
2084 1807 2488 1887 adumbravi,
2540 1807 2703 1874 satis
2748 1807 3093 1892 probabile
3144 1809 3347 1874 duc0.

603 1917 790 1982 Inter
836 1915 1000 1981 duas
1047 1916 1221 1982 enim
1267 1915 1559 1980 eiusdem
1605 1916 1783 1980 vocis
1830 1914 2081 1980 formas
2118 1913 2559 1981 differentiam
2594 1917 2884 1981 notionis
2922 1917 3082 1981 oriri
3118 1915 3343 1981 solere

604 2044 709 2088 res
757 2023 1100 2088 notissima
1146 2029 1266 2088 est.
1358 2021 1556 2087 Locis
1603 2020 1924 2087 Accianis
1971 2027 2190 2088 autem
2243 2023 2433 2086 nobis
2479 2022 2765 2106 perbene
2814 2021 3069 2088 medius
3116 2030 3343 2088 status

599 2129 994 2196 ostenditur.
1045 2128 1116 2197 Si
1167 2131 1312 2214 quis
1357 2150 1509 2194 vero
1558 2135 1855 2212 opponat
1896 2130 1969 2194 in
2014 2127 2289 2214 syllabis
2332 2131 2469 2194 ictu
2514 2130 2852 2195 instructis
2898 2153 2937 2195 o
2982 2137 3051 2194 et
3094 2153 3145 2195 u
3198 2153 3339 2195 non

601 2235 946 2316 fluctuare,
992 2237 1287 2303 nondum
1333 2236 1418 2300 ad
1463 2237 1702 2300 incitas
1750 2235 2001 2301 redacti
2048 2257 2291 2300 sumus.
2384 2235 2559 2302 Sunt
2610 2237 2750 2301 eius
2800 2237 2975 2302 modi
3020 2237 3339 2320 exempla

597 2343 729 2408 etsi
782 2365 996 2428 pauca
1052 2351 1120 2408 et
1173 2344 1510 2427 quaeritur
1562 2343 2040 2423 tantummodo,
2090 2343 2418 2427 quomodo
2466 2344 2601 2408 sint
2654 2343 3064 2427 explicanda.
3162 2345 3333 2410 Pro-

599 2452 772 2516 xime
821 2451 1079 2516 accedit
1113 2453 1309 2516 robus
1345 2450 1552 2535 (Fest.
1591 2472 1656 2533 p.
1687 2452 1819 2516 264
1856 2449 1973 2529 Μ.,
2014 2453 2143 2516 359
2184 2450 2333 2536 Th.)
2361 2477 2449 2510 ==
2476 2449 2681 2530 rufus,
2718 2451 2937 2538 robiyo
2962 2456 3030 2516 et
3054 2452 3329 2536 rubim,-

596 2557 840 2624 deinde
905 2557 1152 2623 adferri
1215 2564 1494 2640 possunt
1555 2579 1754 2640 noyae
1818 2555 1917 2622 Pl.
1974 2555 2157 2622 Trin.
2205 2559 2336 2623 856
2402 2557 2570 2642 (cod.
2618 2557 2731 2641 B),
2794 2579 3048 2644 muyas
3114 2559 3327 2623 Merc.

599 2666 728 2730 942
769 2665 905 2749 (0),
952 2665 1376 2750 nauyatorias
1413 2663 1595 2728 Trin.
1636 2665 1768 2728 844
1806 2664 1949 2748 (A),
1979 2664 2228 2748 παραυ*
2266 2672 2333 2729 et
2366 2662 2645 2729 fortasse
2672 2670 2910 2744 scruta,
2957 2671 3323 2742 set-autum,

592 2778 882 2837 scrotum
935 2770 1146 2855 (Stolz
1197 2768 1244 2834 l.
1291 2768 1335 2835 1.
1383 2770 1421 2834 I
1471 2771 1644 2854 152).
1737 2769 1979 2835 Utrum
2032 2769 2199 2836 illud
2252 2783 2293 2834 σ
2344 2769 2667 2836 suadente
2712 2769 3189 2838 Kretschmero
3240 2770 3327 2837 ad

595 2893 683 2944 σα
718 2878 1162 2944 revocandum
1199 2879 1286 2942 sit
1323 2898 1410 2942 an
1449 2875 1750 2942 dialectis
1790 2876 2107 2942 debeatur
2144 2875 2448 2961 (fortasse
2485 2876 2982 2961 Praenestinae)
3000 2878 3044 2958 ³,
3080 2879 3157 2944 in
3196 2879 3323 2942 hac

593 2986 983 3069 quaestione
1030 3007 1166 3051 non
1211 2984 1471 3068 longius
1519 2982 1848 3064 morabor,
1896 3005 1980 3050 ne
2025 2984 2096 3049 in
2145 2983 2412 3050 dumeta
2456 2985 2807 3064 incurram,
2856 2983 3031 3050 unde
3078 2985 3321 3069 pedem

593 3093 706 3156 vix
748 3091 1051 3158 referam.

808 3199 867 3265 P
887 3203 1010 3265 251
1061 3200 1302 3278 ser-ilia,
1353 3204 1501 3282 ‘pro
1547 3197 1885 3278 funiculis,
1935 3200 2047 3284 qui
2094 3203 2319 3282 sparto
2368 3199 2831 3264 conseruntur’
2869 3199 3050 3263 Fest.
3088 3221 3155 3282 p.
3186 3201 3317 3266 343

591 3305 742 3390 (Μ.,
789 3309 921 3371 510
959 3305 1131 3390 Th.).

809 3413 876 3478 A
897 3415 1024 3478 324
1075 3415 1662 3497 tmimla.(neutr.
1709 3412 1929 3496 plur.).
2024 3441 2031 3446 ·

807 3520 1014 3585 P406
1081 3522 1342 3599 trabium
1412 3521 1644 3598 mavia,
1703 3520 1882 3603 quod
1936 3519 2022 3584 sit
2075 3519 2370 3586 trabibus
2418 3518 2703 3586 confixa’
2768 3518 2955 3588 Paul.
3004 3541 3083 3586 ex
3130 3521 3311 3586 Fest.

590 3647 656 3708 p.
698 3627 825 3692 367
875 3625 1019 3710 (Μ.,
1067 3629 1196 3693 558
1235 3626 1404 3710 Ἧι).

807 3733 864 3798 Ρ
884 3734 1009 3800 381
1063 3735 1465 3818 treportenta,
1509 3732 1700 3798 valde
1746 3739 2119 3799 monstrosa
2166 3739 2491 3816 portenta.

804 3840 989 3919 P64,
1040 3843 1167 3906 215
1218 3844 1525 3925 tanqum-9,
1585 3839 1937 3906 ‘Oscorum
1981 3841 2209 3924 lingua
2257 3841 2523 3907 anulus'
2580 3840 2759 3906 Fest.
2806 3843 2934 3906 375
2984 3839 3128 3924 (Μ.,
3180 3843 3309 3907 570

588 3945 774 4030 Th.);
823 3947 912 4014 ad
954 3967 1178 4012 vocem
1225 3969 1438 4012 ‘teneus
1482 3948 1811 4031 pertinere
1858 3948 2136 4012 videtur.

803 4052 992 4138 Quae
1037 4053 1356 4120 vocabula
1393 4077 1540 4119 cum
1578 4055 1724 4119 dieo
1762 4056 2042 4138 primum
2079 4054 2258 4137 apud
2286 4056 2643 4120 Pacuvium
2678 4054 2781 4119 vel
2806 4053 3087 4119 Accium
3112 4053 3305 4120 nobis

588 4181 950 4241 occurrere,
997 4182 1133 4226 non
1178 4163 1273 4225 ita
1320 4161 1776 4246 accipiendum
1822 4182 1963 4226 esse
2011 4161 2199 4245 quasi
2238 4161 2320 4226 ab
2357 4162 2439 4226 iis
2486 4183 2565 4227 ea
2600 4162 2871 4227 inventa
2906 4167 3149 4245 putem,
3192 4183 3306 4246 per

587 4289 658 4331 se
705 4266 1125 4350 intellegitur.
1189 4269 1468 4333 Raudus
1513 4274 1586 4333 ut
1631 4268 1908 4334 vidimus
1956 4275 2283 4334 vetustum
2328 4268 2715 4334 vocabulum
2762 4275 2864 4334 est
2908 4274 2976 4334 et
3017 4270 3305 4354 extispez

588 4373 767 4438 haud
815 4373 1008 4440 dubie
1057 4374 1276 4458 paulo,
1325 4381 1675 4458 postquam
1721 4374 2099 4458 haruspices
2138 4395 2219 4439 ex
2254 4375 2527 4441 Etruria
2562 4376 2757 4442 acciti
2792 4382 2965 4454 sunt,
3004 4395 3129 4439 vox
3167 4373 3300 4440 vul-

806 4549 824 4585 ¹
862 4552 944 4604 De
978 4551 1165 4606 radice
1201 4570 1298 4606 ru-
1338 4553 1647 4623 „frangere‚
1688 4553 2061 4606 contundere“
2110 4553 2385 4622 cogitavit
2420 4553 2528 4608 Per
2564 4553 2800 4608 Persson
2838 4553 3300 4625 ‘Bezzenbergers

585 4639 874 4709 Beitriige’
915 4639 1058 4692 XIX
1095 4641 1216 4694 268.

803 4727 824 4762 ²
860 4727 1243 4796 Kretschmer‚
1281 4729 1508 4782 ‘Kuhns
1545 4727 1899 4782 zeitschrift'
1938 4729 2137 4783 XXXI
2173 4731 2297 4784 453.

803 4814 824 4848 ³
861 4814 934 4870 V.
973 4815 1342 4884 Solmsenum‚
1381 4815 1645 4870 ‘Studien
1682 4835 1775 4870 zur
1814 4817 2312 4888 Lautgeschiohte’
2347 4835 2401 4890 p.
2430 4819 2518 4887 85,
2559 4820 2677 4875 109.
