<?xml version="1.0" encoding="UTF-8"?>
<!DOCTYPE html PUBLIC "-//W3C//DTD XHTML 1.0 Transitional//EN"
    "http://www.w3.org/TR/xhtml1/DTD/xhtml1-transitional.dtd">
<html xmlns="http://www.w3.org/1999/xhtml" xml:lang="en" lang="en">
 <head>
  <title>
</title>
<meta http-equiv="Content-Type" content="text/html;charset=utf-8" />
  <meta name='ocr-system' content='tesseract 3.04.00' />
  <meta name='ocr-capabilities' content='ocr_page ocr_carea ocr_par ocr_line ocrx_word'/>
</head>
<body>
  <div class='ocr_page' id='page_1' title='image "./dissertationesp09wiengoog_0064.png"; bbox 0 0 3567 5109; ppageno 0'>
   <div class='ocr_carea' id='block_1_1' title="bbox 1653 298 2078 361">
    <p class='ocr_par' dir='ltr' id='par_1_1' title="bbox 1653 298 2078 361">
     <span class='ocr_line' id='line_1_1' title="bbox 1653 298 2078 361; baseline -0.005 -16"><span class='ocrx_word' id='word_1_1' title='bbox 1653 298 2078 361; x_wconf 74' lang='lat'>-56-</span> 
     </span>
    </p>
   </div>
   <div class='ocr_carea' id='block_1_2' title="bbox 518 488 3235 1390">
    <p class='ocr_par' dir='ltr' id='par_1_2' title="bbox 518 488 3235 1092">
     <span class='ocr_line' id='line_1_2' title="bbox 519 488 3235 569; baseline -0 -17"><span class='ocrx_word' id='word_1_2' title='bbox 519 490 602 552; x_wconf 94' lang='lat' dir='ltr'>In</span> <span class='ocrx_word' id='word_1_3' title='bbox 647 491 963 552; x_wconf 85' lang='lat' dir='ltr'>versibus</span> <span class='ocrx_word' id='word_1_4' title='bbox 1011 496 1234 551; x_wconf 87' lang='lat' dir='ltr'>autem</span> <span class='ocrx_word' id='word_1_5' title='bbox 1283 490 1600 564; x_wconf 82' lang='lat' dir='ltr'>heroicis,</span> <span class='ocrx_word' id='word_1_6' title='bbox 1667 508 1843 567; x_wconf 90' lang='lat' dir='ltr'>quos</span> <span class='ocrx_word' id='word_1_7' title='bbox 1900 506 2107 568; x_wconf 88' lang='lat' dir='ltr'>supra</span> <span class='ocrx_word' id='word_1_8' title='bbox 2174 489 2544 567; x_wconf 88' lang='lat' dir='ltr'>attulimus,</span> <span class='ocrx_word' id='word_1_9' title='bbox 2608 488 2907 551; x_wconf 84' lang='lat' dir='ltr'>dubitari</span> <span class='ocrx_word' id='word_1_10' title='bbox 2974 494 3235 569; x_wconf 89' lang='lat' dir='ltr'>nequit,</span> 
     </span>
     <span class='ocr_line' id='line_1_3' title="bbox 522 592 3234 676; baseline 0.001 -21"><span class='ocrx_word' id='word_1_11' title='bbox 522 597 687 673; x_wconf 93' lang='lat' dir='ltr'>quin</span> <span class='ocrx_word' id='word_1_12' title='bbox 752 599 954 674; x_wconf 76' lang='lat' dir='ltr'>poeta</span> <span class='ocrx_word' id='word_1_13' title='bbox 1019 594 1394 673; x_wconf 83' lang='lat' dir='ltr'>depingere</span> <span class='ocrx_word' id='word_1_14' title='bbox 1461 593 1732 655; x_wconf 81' lang='lat' dir='ltr'>studeat</span> <span class='ocrx_word' id='word_1_15' title='bbox 1777 598 1847 654; x_wconf 89' lang='lat' dir='ltr'>et</span> <span class='ocrx_word' id='word_1_16' title='bbox 1892 592 2016 655; x_wconf 91' lang='lat' dir='ltr'>Dei</span> <span class='ocrx_word' id='word_1_17' title='bbox 2073 594 2604 657; x_wconf 84' lang='lat' dir='ltr'>immensitatem</span> <span class='ocrx_word' id='word_1_18' title='bbox 2652 600 2721 656; x_wconf 92' lang='lat' dir='ltr'>et</span> <span class='ocrx_word' id='word_1_19' title='bbox 2766 612 2963 657; x_wconf 90' lang='lat' dir='ltr'>suam</span> <span class='ocrx_word' id='word_1_20' title='bbox 3010 596 3234 676; x_wconf 86' lang='lat' dir='ltr'>ipsius</span> 
     </span>
     <span class='ocr_line' id='line_1_4' title="bbox 522 693 3233 779; baseline 0.001 -19"><span class='ocrx_word' id='word_1_21' title='bbox 522 699 1056 761; x_wconf 86' lang='lat' dir='ltr'>sollicitudinem</span> <span class='ocrx_word' id='word_1_22' title='bbox 1103 700 1498 778; x_wconf 89' lang='lat' dir='ltr'>inquietam,</span> <span class='ocrx_word' id='word_1_23' title='bbox 1546 716 1680 777; x_wconf 89' lang='lat' dir='ltr'>qua</span> <span class='ocrx_word' id='word_1_24' title='bbox 1721 700 2126 777; x_wconf 89' lang='lat' dir='ltr'>magistrum</span> <span class='ocrx_word' id='word_1_25' title='bbox 2178 701 2644 779; x_wconf 84' lang='lat' dir='ltr'>prosequitur,</span> <span class='ocrx_word' id='word_1_26' title='bbox 2693 718 2867 779; x_wconf 90' lang='lat' dir='ltr'>quae</span> <span class='ocrx_word' id='word_1_27' title='bbox 2918 693 3083 762; x_wconf 79' lang='lat' dir='ltr'>c&#39;ura</span> <span class='ocrx_word' id='word_1_28' title='bbox 3143 718 3233 763; x_wconf 87' lang='lat' dir='ltr'>ne</span> 
     </span>
     <span class='ocr_line' id='line_1_5' title="bbox 522 802 3235 885; baseline 0.001 -21"><span class='ocrx_word' id='word_1_29' title='bbox 522 805 908 883; x_wconf 87' lang='lat' dir='ltr'>respirandi</span> <span class='ocrx_word' id='word_1_30' title='bbox 940 804 1216 884; x_wconf 91' lang='lat' dir='ltr'>quidem</span> <span class='ocrx_word' id='word_1_31' title='bbox 1252 804 1537 885; x_wconf 89' lang='lat' dir='ltr'>praebet</span> <span class='ocrx_word' id='word_1_32' title='bbox 1585 802 1998 866; x_wconf 82' lang='lat' dir='ltr'>facultatem.</span> <span class='ocrx_word' id='word_1_33' title='bbox 2049 803 2154 865; x_wconf 87' lang='lat' dir='ltr'>Ex</span> <span class='ocrx_word' id='word_1_34' title='bbox 2190 823 2329 883; x_wconf 92' lang='lat' dir='ltr'>quo</span> <span class='ocrx_word' id='word_1_35' title='bbox 2382 803 2569 867; x_wconf 71' lang='lat' dir='ltr'>effici</span> <span class='ocrx_word' id='word_1_36' title='bbox 2617 806 2783 867; x_wconf 87' lang='lat' dir='ltr'>mihi</span> <span class='ocrx_word' id='word_1_37' title='bbox 2832 806 3111 868; x_wconf 87' lang='lat' dir='ltr'>videtur</span> <span class='ocrx_word' id='word_1_38' title='bbox 3142 824 3235 867; x_wconf 82' lang='lat' dir='ltr'>ex</span> 
     </span>
     <span class='ocr_line' id='line_1_6' title="bbox 518 907 3235 988; baseline 0 -19"><span class='ocrx_word' id='word_1_39' title='bbox 518 915 746 970; x_wconf 86' lang='lat' dir='ltr'>mente</span> <span class='ocrx_word' id='word_1_40' title='bbox 796 909 1064 970; x_wconf 87' lang='lat' dir='ltr'>Paulini</span> <span class='ocrx_word' id='word_1_41' title='bbox 1096 926 1340 971; x_wconf 87' lang='lat' dir='ltr'>versus</span> <span class='ocrx_word' id='word_1_42' title='bbox 1387 907 1546 970; x_wconf 90' lang='lat' dir='ltr'>illos</span> <span class='ocrx_word' id='word_1_43' title='bbox 1582 926 1721 969; x_wconf 94' lang='lat' dir='ltr'>non</span> <span class='ocrx_word' id='word_1_44' title='bbox 1767 909 2195 987; x_wconf 89' lang='lat' dir='ltr'>interruptos</span> <span class='ocrx_word' id='word_1_45' title='bbox 2230 907 2692 987; x_wconf 86' lang='lat' dir='ltr'>proferendos</span> <span class='ocrx_word' id='word_1_46' title='bbox 2724 927 2875 971; x_wconf 86' lang='lat' dir='ltr'>esse</span> <span class='ocrx_word' id='word_1_47' title='bbox 2924 908 3235 988; x_wconf 87' lang='lat' dir='ltr'>nihilque</span> 
     </span>
     <span class='ocr_line' id='line_1_7' title="bbox 521 1012 3027 1092; baseline 0.002 -19"><span class='ocrx_word' id='word_1_48' title='bbox 521 1015 871 1091; x_wconf 85' lang='lat' dir='ltr'>interesse,</span> <span class='ocrx_word' id='word_1_49' title='bbox 923 1018 1154 1075; x_wconf 89' lang='lat' dir='ltr'>utrum</span> <span class='ocrx_word' id='word_1_50' title='bbox 1204 1030 1560 1076; x_wconf 88' lang='lat' dir='ltr'>caesuram</span> <span class='ocrx_word' id='word_1_51' title='bbox 1608 1012 1949 1092; x_wconf 89' lang='lat' dir='ltr'>quandam</span> <span class='ocrx_word' id='word_1_52' title='bbox 1999 1013 2069 1074; x_wconf 91' lang='lat' dir='ltr'>in</span> <span class='ocrx_word' id='word_1_53' title='bbox 2117 1014 2317 1075; x_wconf 86' lang='lat' dir='ltr'>tmesi</span> <span class='ocrx_word' id='word_1_54' title='bbox 2365 1020 2745 1077; x_wconf 86' lang='lat' dir='ltr'>statuamus</span> <span class='ocrx_word' id='word_1_55' title='bbox 2794 1031 3027 1077; x_wconf 90' lang='lat' dir='ltr'>necne.</span> 
     </span>
    </p>

    <p class='ocr_par' dir='ltr' id='par_1_3' title="bbox 519 1117 3231 1390">
     <span class='ocr_line' id='line_1_8' title="bbox 727 1117 3231 1197; baseline 0.001 -18"><span class='ocrx_word' id='word_1_56' title='bbox 727 1118 852 1180; x_wconf 90' lang='lat' dir='ltr'>Est</span> <span class='ocrx_word' id='word_1_57' title='bbox 897 1136 1086 1197; x_wconf 87' lang='lat' dir='ltr'>ergo,</span> <span class='ocrx_word' id='word_1_58' title='bbox 1132 1118 1254 1181; x_wconf 93' lang='lat' dir='ltr'>ubi</span> <span class='ocrx_word' id='word_1_59' title='bbox 1299 1118 1626 1181; x_wconf 87' lang='lat' dir='ltr'>Paulinus</span> <span class='ocrx_word' id='word_1_60' title='bbox 1673 1118 1761 1181; x_wconf 90' lang='lat' dir='ltr'>ad</span> <span class='ocrx_word' id='word_1_61' title='bbox 1807 1117 2371 1181; x_wconf 80' lang='lat' dir='ltr'>conformandam</span> <span class='ocrx_word' id='word_1_62' title='bbox 2419 1124 2797 1183; x_wconf 87' lang='lat' dir='ltr'>metrorum</span> <span class='ocrx_word' id='word_1_63' title='bbox 2845 1126 2915 1181; x_wconf 89' lang='lat' dir='ltr'>et</span> <span class='ocrx_word' id='word_1_64' title='bbox 2960 1126 3231 1181; x_wconf 89' lang='lat' dir='ltr'>senteu-</span> 
     </span>
     <span class='ocr_line' id='line_1_9' title="bbox 519 1221 3231 1302; baseline 0 -19"><span class='ocrx_word' id='word_1_65' title='bbox 519 1226 770 1285; x_wconf 88' lang='lat' dir='ltr'>tiarurn</span> <span class='ocrx_word' id='word_1_66' title='bbox 819 1222 1154 1285; x_wconf 87' lang='lat' dir='ltr'>rationem</span> <span class='ocrx_word' id='word_1_67' title='bbox 1204 1240 1241 1284; x_wconf 89' lang='lat' dir='ltr'>a</span> <span class='ocrx_word' id='word_1_68' title='bbox 1290 1224 1468 1284; x_wconf 86' lang='lat' dir='ltr'>tritis</span> <span class='ocrx_word' id='word_1_69' title='bbox 1517 1224 1820 1285; x_wconf 87' lang='lat' dir='ltr'>caesuris</span> <span class='ocrx_word' id='word_1_70' title='bbox 1869 1222 2161 1285; x_wconf 85' lang='lat' dir='ltr'>recedat.</span> <span class='ocrx_word' id='word_1_71' title='bbox 2228 1221 2431 1293; x_wconf 87' lang='lat' dir='ltr'>Quod</span> <span class='ocrx_word' id='word_1_72' title='bbox 2478 1222 2547 1285; x_wconf 91' lang='lat' dir='ltr'>in</span> <span class='ocrx_word' id='word_1_73' title='bbox 2593 1224 2699 1284; x_wconf 89' lang='lat' dir='ltr'>his</span> <span class='ocrx_word' id='word_1_74' title='bbox 2756 1241 3033 1302; x_wconf 90' lang='lat' dir='ltr'>quoque</span> <span class='ocrx_word' id='word_1_75' title='bbox 3078 1241 3231 1285; x_wconf 84' lang='lat' dir='ltr'>ver-</span> 
     </span>
     <span class='ocr_line' id='line_1_10' title="bbox 519 1327 1232 1390; baseline 0.003 -2"><span class='ocrx_word' id='word_1_76' title='bbox 519 1327 709 1389; x_wconf 87' lang='lat' dir='ltr'>sibus</span> <span class='ocrx_word' id='word_1_77' title='bbox 758 1328 991 1390; x_wconf 87' lang='lat' dir='ltr'>videre</span> <span class='ocrx_word' id='word_1_78' title='bbox 1040 1327 1232 1390; x_wconf 89' lang='lat' dir='ltr'>licet:</span> 
     </span>
    </p>
   </div>
   <div class='ocr_carea' id='block_1_3' title="bbox 723 1446 2859 1955">
    <p class='ocr_par' dir='ltr' id='par_1_4' title="bbox 723 1446 2498 1516">
     <span class='ocr_line' id='line_1_11' title="bbox 723 1446 2498 1516; baseline 0 -17"><span class='ocrx_word' id='word_1_79' title='bbox 723 1450 838 1515; x_wconf 83' lang='lat' dir='ltr'>XV,</span> <span class='ocrx_word' id='word_1_80' title='bbox 877 1452 1006 1501; x_wconf 82' lang='lat'>308:</span> <span class='ocrx_word' id='word_1_81' title='bbox 1049 1450 1253 1501; x_wconf 82' lang='lat' dir='ltr'>Felicis</span> <span class='ocrx_word' id='word_1_82' title='bbox 1275 1446 1282 1516; x_wconf 96' lang='grc' dir='ltr'>Ι</span> <span class='ocrx_word' id='word_1_83' title='bbox 1308 1450 1465 1500; x_wconf 81' lang='lat' dir='ltr'>videt</span> <span class='ocrx_word' id='word_1_84' title='bbox 1499 1462 1600 1501; x_wconf 87' lang='lat' dir='ltr'>ora</span> <span class='ocrx_word' id='word_1_85' title='bbox 1625 1447 1632 1516; x_wconf 95' lang='grc' dir='ltr'>Ι</span> <span class='ocrx_word' id='word_1_86' title='bbox 1654 1450 1742 1500; x_wconf 89' lang='lat' dir='ltr'>sui</span> <span class='ocrx_word' id='word_1_87' title='bbox 1781 1450 2189 1512; x_wconf 84' lang='lat' dir='ltr'>amplexusque</span> <span class='ocrx_word' id='word_1_88' title='bbox 2226 1449 2498 1508; x_wconf 82' lang='lat' dir='ltr'>vicissim,</span> 
     </span>
    </p>

    <p class='ocr_par' dir='ltr' id='par_1_5' title="bbox 726 1532 2670 1605">
     <span class='ocr_line' id='line_1_12' title="bbox 726 1532 2670 1605; baseline 0.001 -20"><span class='ocrx_word' id='word_1_89' title='bbox 726 1537 941 1603; x_wconf 89' lang='lat' dir='ltr'>XXIII,</span> <span class='ocrx_word' id='word_1_90' title='bbox 979 1539 1070 1587; x_wconf 78' lang='lat'>85:</span> <span class='ocrx_word' id='word_1_91' title='bbox 1109 1535 1421 1587; x_wconf 83' lang='lat' dir='ltr'>Excussum</span> <span class='ocrx_word' id='word_1_92' title='bbox 1444 1534 1452 1605; x_wconf 96' lang='grc' dir='ltr'>Ι</span> <span class='ocrx_word' id='word_1_93' title='bbox 1478 1538 1548 1587; x_wconf 88' lang='lat' dir='ltr'>de</span> <span class='ocrx_word' id='word_1_94' title='bbox 1585 1536 1750 1601; x_wconf 86' lang='lat' dir='ltr'>plebe</span> <span class='ocrx_word' id='word_1_95' title='bbox 1773 1532 1780 1602; x_wconf 96' lang='grc' dir='ltr'>Ι</span> <span class='ocrx_word' id='word_1_96' title='bbox 1806 1536 1933 1599; x_wconf 85' lang='lat' dir='ltr'>rapi</span> <span class='ocrx_word' id='word_1_97' title='bbox 1972 1536 2378 1599; x_wconf 73' lang='lat' dir='ltr'>admotumque</span> <span class='ocrx_word' id='word_1_98' title='bbox 2412 1537 2670 1600; x_wconf 87' lang='lat' dir='ltr'>sacratis,</span> 
     </span>
    </p>

    <p class='ocr_par' dir='ltr' id='par_1_6' title="bbox 724 1621 2859 1955">
     <span class='ocr_line' id='line_1_13' title="bbox 724 1621 2837 1691; baseline 0 -18"><span class='ocrx_word' id='word_1_99' title='bbox 724 1625 870 1690; x_wconf 88' lang='lat' dir='ltr'>XIX,</span> <span class='ocrx_word' id='word_1_100' title='bbox 909 1626 1035 1676; x_wconf 79' lang='lat'>274:</span> <span class='ocrx_word' id='word_1_101' title='bbox 1075 1624 1258 1686; x_wconf 89' lang='lat' dir='ltr'>thue</span> <span class='ocrx_word' id='word_1_102' title='bbox 1294 1636 1464 1675; x_wconf 90' lang='lat' dir='ltr'>manu</span> <span class='ocrx_word' id='word_1_103' title='bbox 1489 1621 1496 1691; x_wconf 95' lang='grc' dir='ltr'>Ι</span> <span class='ocrx_word' id='word_1_104' title='bbox 1521 1628 1826 1688; x_wconf 74' lang='lat' dir='ltr'>prensante</span> <span class='ocrx_word' id='word_1_105' title='bbox 1850 1622 1857 1690; x_wconf 94' lang='grc' dir='ltr'>Ι</span> <span class='ocrx_word' id='word_1_106' title='bbox 1882 1635 2103 1675; x_wconf 85' lang='lat' dir='ltr'>comam</span> <span class='ocrx_word' id='word_1_107' title='bbox 2140 1624 2505 1675; x_wconf 84' lang='lat' dir='ltr'>excutiuntur</span> <span class='ocrx_word' id='word_1_108' title='bbox 2540 1626 2601 1674; x_wconf 93' lang='lat' dir='ltr'>in</span> <span class='ocrx_word' id='word_1_109' title='bbox 2640 1624 2837 1691; x_wconf 85' lang='lat' dir='ltr'>altum,</span> 
     </span>
     <span class='ocr_line' id='line_1_14' title="bbox 726 1708 2665 1779; baseline -0.001 -17"><span class='ocrx_word' id='word_1_110' title='bbox 726 1712 954 1775; x_wconf 84' lang='lat' dir='ltr'>XXVII,</span> <span class='ocrx_word' id='word_1_111' title='bbox 997 1714 1120 1765; x_wconf 84' lang='lat'><strong>186:</strong></span> <span class='ocrx_word' id='word_1_112' title='bbox 1158 1712 1356 1762; x_wconf 81' lang='lat' dir='ltr'>Nonne</span> <span class='ocrx_word' id='word_1_113' title='bbox 1393 1708 1516 1779; x_wconf 65' lang='lat' dir='ltr'>tua}</span> <span class='ocrx_word' id='word_1_114' title='bbox 1544 1712 1781 1763; x_wconf 84' lang='lat' dir='ltr'>ducente</span> <span class='ocrx_word' id='word_1_115' title='bbox 1807 1710 1814 1778; x_wconf 99' lang='grc' dir='ltr'>Ι</span> <span class='ocrx_word' id='word_1_116' title='bbox 1838 1723 2011 1763; x_wconf 84' lang='lat' dir='ltr'>manu</span> <span class='ocrx_word' id='word_1_117' title='bbox 2052 1710 2389 1763; x_wconf 71' lang='lat' dir='ltr'>adventasse</span> <span class='ocrx_word' id='word_1_118' title='bbox 2425 1712 2665 1779; x_wconf 73' lang='lat' dir='ltr'>fatebor,</span> 
     </span>
     <span class='ocr_line' id='line_1_15' title="bbox 725 1798 2859 1867; baseline -0 -17"><span class='ocrx_word' id='word_1_119' title='bbox 725 1801 933 1867; x_wconf 86' lang='lat' dir='ltr'>xvm,</span> <span class='ocrx_word' id='word_1_120' title='bbox 970 1802 1098 1852; x_wconf 75' lang='lat'>269:</span> <span class='ocrx_word' id='word_1_121' title='bbox 1137 1799 1470 1863; x_wconf 83' lang='lat' dir='ltr'>Conquerar</span> <span class='ocrx_word' id='word_1_122' title='bbox 1506 1798 2174 1867; x_wconf 71' lang='lat' dir='ltr'>immemoremquelmei</span> <span class='ocrx_word' id='word_1_123' title='bbox 2217 1802 2495 1851; x_wconf 79' lang='lat' dir='ltr'>accusabo</span> <span class='ocrx_word' id='word_1_124' title='bbox 2534 1804 2859 1867; x_wconf 87' lang='lat' dir='ltr'>patronum,</span> 
     </span>
     <span class='ocr_line' id='line_1_16' title="bbox 725 1884 2652 1955; baseline 0.002 -18"><span class='ocrx_word' id='word_1_125' title='bbox 725 1888 880 1940; x_wconf 79' lang='lat' dir='ltr'>XIX:</span> <span class='ocrx_word' id='word_1_126' title='bbox 918 1891 1044 1939; x_wconf 80' lang='lat'>428:</span> <span class='ocrx_word' id='word_1_127' title='bbox 1085 1888 1330 1951; x_wconf 78' lang='lat' dir='ltr'>Longius</span> <span class='ocrx_word' id='word_1_128' title='bbox 1369 1894 1714 1952; x_wconf 80' lang='lat' dir='ltr'>argentoque</span> <span class='ocrx_word' id='word_1_129' title='bbox 1737 1884 1744 1955; x_wconf 98' lang='grc' dir='ltr'>Ι</span> <span class='ocrx_word' id='word_1_130' title='bbox 1767 1888 1950 1940; x_wconf 83' lang='lat' dir='ltr'>levem</span> <span class='ocrx_word' id='word_1_131' title='bbox 1991 1888 2301 1940; x_wconf 84' lang='lat' dir='ltr'>amandare</span> <span class='ocrx_word' id='word_1_132' title='bbox 2339 1889 2652 1940; x_wconf 87' lang='lat' dir='ltr'>lucernam.</span> 
     </span>
    </p>
   </div>
   <div class='ocr_carea' id='block_1_4' title="bbox 514 1992 3231 3121">
    <p class='ocr_par' dir='ltr' id='par_1_7' title="bbox 517 1992 3231 2599">
     <span class='ocr_line' id='line_1_17' title="bbox 523 1992 3231 2074; baseline 0.001 -21"><span class='ocrx_word' id='word_1_133' title='bbox 523 1992 672 2054; x_wconf 89' lang='lat' dir='ltr'>Non</span> <span class='ocrx_word' id='word_1_134' title='bbox 766 1994 1048 2074; x_wconf 88' lang='lat' dir='ltr'>negabis</span> <span class='ocrx_word' id='word_1_135' title='bbox 1139 1995 1423 2056; x_wconf 88' lang='lat' dir='ltr'>alteram</span> <span class='ocrx_word' id='word_1_136' title='bbox 1511 2012 1756 2057; x_wconf 86' lang='lat' dir='ltr'>versus</span> <span class='ocrx_word' id='word_1_137' title='bbox 1833 1998 2097 2073; x_wconf 89' lang='lat' dir='ltr'>partem</span> <span class='ocrx_word' id='word_1_138' title='bbox 2198 1995 2539 2074; x_wconf 90' lang='lat' dir='ltr'>imprimis</span> <span class='ocrx_word' id='word_1_139' title='bbox 2616 1993 2991 2056; x_wconf 80' lang='lat' dir='ltr'>verborum</span> <span class='ocrx_word' id='word_1_140' title='bbox 3068 1997 3231 2056; x_wconf 89' lang='lat' dir='ltr'>iam-</span> 
     </span>
     <span class='ocr_line' id='line_1_18' title="bbox 518 2097 3231 2178; baseline 0.001 -19"><span class='ocrx_word' id='word_1_141' title='bbox 518 2098 832 2160; x_wconf 87' lang='lat' dir='ltr'>bicorum</span> <span class='ocrx_word' id='word_1_142' title='bbox 898 2099 1202 2176; x_wconf 88' lang='lat' dir='ltr'>elisione,</span> <span class='ocrx_word' id='word_1_143' title='bbox 1269 2116 1441 2178; x_wconf 89' lang='lat' dir='ltr'>quae</span> <span class='ocrx_word' id='word_1_144' title='bbox 1508 2102 1577 2162; x_wconf 91' lang='lat' dir='ltr'>in</span> <span class='ocrx_word' id='word_1_145' title='bbox 1641 2101 1770 2161; x_wconf 89' lang='lat' dir='ltr'>hoc</span> <span class='ocrx_word' id='word_1_146' title='bbox 1816 2098 1992 2177; x_wconf 90' lang='lat' dir='ltr'>pede</span> <span class='ocrx_word' id='word_1_147' title='bbox 2041 2097 2203 2160; x_wconf 89' lang='lat' dir='ltr'>alibi</span> <span class='ocrx_word' id='word_1_148' title='bbox 2252 2117 2389 2160; x_wconf 90' lang='lat' dir='ltr'>non</span> <span class='ocrx_word' id='word_1_149' title='bbox 2455 2100 2807 2162; x_wconf 87' lang='lat' dir='ltr'>invenitur</span> <span class='ocrx_word' id='word_1_150' title='bbox 2868 2100 3002 2160; x_wconf 91' lang='lat' dir='ltr'>nisi</span> <span class='ocrx_word' id='word_1_151' title='bbox 3073 2106 3231 2161; x_wconf 83' lang='lat' dir='ltr'>ante</span> 
     </span>
     <span class='ocr_line' id='line_1_19' title="bbox 519 2203 3229 2286; baseline 0 -21"><span class='ocrx_word' id='word_1_152' title='bbox 519 2203 730 2265; x_wconf 87' lang='lat' dir='ltr'>verba</span> <span class='ocrx_word' id='word_1_153' title='bbox 777 2204 1270 2286; x_wconf 86' lang='lat' dir='ltr'>monosyllaba,</span> <span class='ocrx_word' id='word_1_154' title='bbox 1337 2204 1679 2265; x_wconf 87' lang='lat' dir='ltr'>artissime</span> <span class='ocrx_word' id='word_1_155' title='bbox 1746 2221 1901 2264; x_wconf 90' lang='lat' dir='ltr'>cum</span> <span class='ocrx_word' id='word_1_156' title='bbox 1968 2203 2539 2283; x_wconf 86' lang='lat' dir='ltr'>praecedentibus</span> <span class='ocrx_word' id='word_1_157' title='bbox 2616 2206 2959 2284; x_wconf 82' lang='lat' dir='ltr'>coniungi,</span> <span class='ocrx_word' id='word_1_158' title='bbox 3038 2204 3229 2283; x_wconf 92' lang='lat' dir='ltr'>quod</span> 
     </span>
     <span class='ocr_line' id='line_1_20' title="bbox 517 2308 3227 2388; baseline 0 -20"><span class='ocrx_word' id='word_1_159' title='bbox 517 2308 773 2387; x_wconf 89' lang='lat' dir='ltr'>ubique</span> <span class='ocrx_word' id='word_1_160' title='bbox 839 2316 995 2388; x_wconf 86' lang='lat' dir='ltr'>apte</span> <span class='ocrx_word' id='word_1_161' title='bbox 1061 2328 1214 2371; x_wconf 91' lang='lat' dir='ltr'>cum</span> <span class='ocrx_word' id='word_1_162' title='bbox 1284 2310 1620 2371; x_wconf 86' lang='lat' dir='ltr'>sententia</span> <span class='ocrx_word' id='word_1_163' title='bbox 1686 2309 2025 2371; x_wconf 90' lang='lat' dir='ltr'>convenit.</span> <span class='ocrx_word' id='word_1_164' title='bbox 2091 2308 2317 2380; x_wconf 90' lang='lat' dir='ltr'>Quare</span> <span class='ocrx_word' id='word_1_165' title='bbox 2383 2311 2440 2370; x_wconf 89' lang='lat' dir='ltr'>si</span> <span class='ocrx_word' id='word_1_166' title='bbox 2506 2326 2857 2371; x_wconf 88' lang='lat' dir='ltr'>caesuram</span> <span class='ocrx_word' id='word_1_167' title='bbox 2906 2311 2978 2371; x_wconf 94' lang='lat' dir='ltr'>in</span> <span class='ocrx_word' id='word_1_168' title='bbox 3026 2311 3227 2370; x_wconf 90' lang='lat' dir='ltr'>tmesi</span> 
     </span>
     <span class='ocr_line' id='line_1_21' title="bbox 517 2413 3223 2493; baseline 0.001 -21"><span class='ocrx_word' id='word_1_169' title='bbox 517 2413 944 2474; x_wconf 86' lang='lat' dir='ltr'>statuendam</span> <span class='ocrx_word' id='word_1_170' title='bbox 980 2431 1130 2475; x_wconf 90' lang='lat' dir='ltr'>esse</span> <span class='ocrx_word' id='word_1_171' title='bbox 1178 2420 1396 2493; x_wconf 63' lang='lat' dir='ltr'>putas»,</span> <span class='ocrx_word' id='word_1_172' title='bbox 1440 2416 1572 2478; x_wconf 89' lang='lat' dir='ltr'>hoc</span> <span class='ocrx_word' id='word_1_173' title='bbox 1618 2414 1967 2488; x_wconf 75' lang='lat' dir='ltr'>observeS,</span> <span class='ocrx_word' id='word_1_174' title='bbox 2016 2432 2099 2475; x_wconf 86' lang='lat' dir='ltr'>ex</span> <span class='ocrx_word' id='word_1_175' title='bbox 2149 2419 2376 2476; x_wconf 91' lang='lat' dir='ltr'>mente</span> <span class='ocrx_word' id='word_1_176' title='bbox 2410 2414 2651 2493; x_wconf 69' lang='lat' dir='ltr'>poetae</span> <span class='ocrx_word' id='word_1_177' title='bbox 2684 2432 2854 2490; x_wconf 90' lang='lat' dir='ltr'>eam,</span> <span class='ocrx_word' id='word_1_178' title='bbox 2890 2420 3223 2493; x_wconf 90' lang='lat' dir='ltr'>quantum</span> 
     </span>
     <span class='ocr_line' id='line_1_22' title="bbox 519 2516 1736 2599; baseline 0.003 -22"><span class='ocrx_word' id='word_1_179' title='bbox 519 2516 670 2579; x_wconf 78' lang='lat' dir='ltr'>fieri</span> <span class='ocrx_word' id='word_1_180' title='bbox 718 2524 966 2596; x_wconf 87' lang='lat' dir='ltr'>potest,</span> <span class='ocrx_word' id='word_1_181' title='bbox 1013 2536 1164 2581; x_wconf 88' lang='lat' dir='ltr'>esse</span> <span class='ocrx_word' id='word_1_182' title='bbox 1211 2519 1736 2599; x_wconf 89' lang='lat' dir='ltr'>reprimendam.</span> 
     </span>
    </p>

    <p class='ocr_par' dir='ltr' id='par_1_8' title="bbox 514 2620 3225 3121">
     <span class='ocr_line' id='line_1_23' title="bbox 725 2620 3225 2704; baseline 0.001 -22"><span class='ocrx_word' id='word_1_183' title='bbox 725 2620 853 2683; x_wconf 89' lang='lat' dir='ltr'>His</span> <span class='ocrx_word' id='word_1_184' title='bbox 919 2642 1059 2686; x_wconf 92' lang='lat' dir='ltr'>non</span> <span class='ocrx_word' id='word_1_185' title='bbox 1125 2625 1353 2704; x_wconf 86' lang='lat' dir='ltr'>inepte</span> <span class='ocrx_word' id='word_1_186' title='bbox 1417 2624 1871 2703; x_wconf 86' lang='lat' dir='ltr'>adiungemus</span> <span class='ocrx_word' id='word_1_187' title='bbox 1936 2624 2114 2685; x_wconf 89' lang='lat' dir='ltr'>duos</span> <span class='ocrx_word' id='word_1_188' title='bbox 2178 2640 2442 2700; x_wconf 75' lang='lat' dir='ltr'>versu3,</span> <span class='ocrx_word' id='word_1_189' title='bbox 2507 2626 2575 2685; x_wconf 92' lang='lat' dir='ltr'>in</span> <span class='ocrx_word' id='word_1_190' title='bbox 2625 2623 2877 2702; x_wconf 92' lang='lat' dir='ltr'>quibus</span> <span class='ocrx_word' id='word_1_191' title='bbox 2943 2640 3225 2686; x_wconf 88' lang='lat' dir='ltr'>caesura</span> 
     </span>
     <span class='ocr_line' id='line_1_24' title="bbox 519 2727 3223 2805; baseline 0.001 -19"><span class='ocrx_word' id='word_1_192' title='bbox 519 2727 766 2787; x_wconf 85' lang='lat' dir='ltr'>tertia</span> <span class='ocrx_word' id='word_1_193' title='bbox 799 2729 1242 2805; x_wconf 88' lang='lat' dir='ltr'>trochaica,</span> <span class='ocrx_word' id='word_1_194' title='bbox 1279 2734 1356 2789; x_wconf 90' lang='lat' dir='ltr'>ut</span> <span class='ocrx_word' id='word_1_195' title='bbox 1386 2734 1680 2790; x_wconf 90' lang='lat' dir='ltr'>metrum</span> <span class='ocrx_word' id='word_1_196' title='bbox 1717 2727 2094 2792; x_wconf 88' lang='lat' dir='ltr'>concordet</span> <span class='ocrx_word' id='word_1_197' title='bbox 2127 2746 2279 2792; x_wconf 90' lang='lat' dir='ltr'>curn</span> <span class='ocrx_word' id='word_1_198' title='bbox 2317 2730 2673 2804; x_wconf 91' lang='lat' dir='ltr'>sententia,</span> <span class='ocrx_word' id='word_1_199' title='bbox 2706 2729 2854 2790; x_wconf 91' lang='lat' dir='ltr'>sine</span> <span class='ocrx_word' id='word_1_200' title='bbox 2889 2729 3223 2789; x_wconf 90' lang='lat' dir='ltr'>incisione</span> 
     </span>
     <span class='ocr_line' id='line_1_25' title="bbox 519 2828 3223 2908; baseline 0.002 -18"><span class='ocrx_word' id='word_1_201' title='bbox 519 2828 848 2908; x_wconf 89' lang='lat' dir='ltr'>bucolica,</span> <span class='ocrx_word' id='word_1_202' title='bbox 914 2832 1038 2893; x_wconf 90' lang='lat' dir='ltr'>sed</span> <span class='ocrx_word' id='word_1_203' title='bbox 1085 2850 1238 2895; x_wconf 88' lang='lat' dir='ltr'>cum</span> <span class='ocrx_word' id='word_1_204' title='bbox 1288 2832 1883 2896; x_wconf 85' lang='lat' dir='ltr'>trithemimere</span> <span class='ocrx_word' id='word_1_205' title='bbox 1930 2834 2332 2895; x_wconf 88' lang='lat' dir='ltr'>admittitur.</span> <span class='ocrx_word' id='word_1_206' title='bbox 2382 2831 2575 2897; x_wconf 91' lang='lat' dir='ltr'>Sicut</span> <span class='ocrx_word' id='word_1_207' title='bbox 2637 2836 2817 2895; x_wconf 91' lang='lat' dir='ltr'>enim</span> <span class='ocrx_word' id='word_1_208' title='bbox 2886 2835 3223 2895; x_wconf 90' lang='lat' dir='ltr'>sententia</span> 
     </span>
     <span class='ocr_line' id='line_1_26' title="bbox 515 2934 3219 3015; baseline 0.001 -20"><span class='ocrx_word' id='word_1_209' title='bbox 515 2936 582 2995; x_wconf 91' lang='lat' dir='ltr'>in</span> <span class='ocrx_word' id='word_1_210' title='bbox 645 2934 813 2996; x_wconf 91' lang='lat' dir='ltr'>duas</span> <span class='ocrx_word' id='word_1_211' title='bbox 861 2942 1091 3015; x_wconf 88' lang='lat' dir='ltr'>partes</span> <span class='ocrx_word' id='word_1_212' title='bbox 1141 2937 1558 3015; x_wconf 85' lang='lat' dir='ltr'>dividuntur,</span> <span class='ocrx_word' id='word_1_213' title='bbox 1605 2937 1704 3001; x_wconf 87' lang='lat' dir='ltr'>ita</span> <span class='ocrx_word' id='word_1_214' title='bbox 1751 2940 1958 3001; x_wconf 85' lang='lat' dir='ltr'>etiam</span> <span class='ocrx_word' id='word_1_215' title='bbox 1990 2955 2272 3001; x_wconf 87' lang='lat' dir='ltr'>caesura</span> <span class='ocrx_word' id='word_1_216' title='bbox 2304 2940 2649 3001; x_wconf 91' lang='lat' dir='ltr'>trochaica</span> <span class='ocrx_word' id='word_1_217' title='bbox 2695 2940 2763 2999; x_wconf 91' lang='lat' dir='ltr'>in</span> <span class='ocrx_word' id='word_1_218' title='bbox 2798 2944 3028 3015; x_wconf 87' lang='lat' dir='ltr'>partes</span> <span class='ocrx_word' id='word_1_219' title='bbox 3078 2936 3219 2999; x_wconf 76' lang='lat' dir='ltr'>tere</span> 
     </span>
     <span class='ocr_line' id='line_1_27' title="bbox 514 3040 1834 3121; baseline 0.005 -21"><span class='ocrx_word' id='word_1_220' title='bbox 514 3040 834 3119; x_wconf 89' lang='lat' dir='ltr'>aequales</span> <span class='ocrx_word' id='word_1_221' title='bbox 882 3041 1388 3121; x_wconf 89' lang='lat' dir='ltr'>dispertiuntur</span> <span class='ocrx_word' id='word_1_222' title='bbox 1432 3041 1506 3105; x_wconf 87' lang='lat' dir='ltr'>hi</span> <span class='ocrx_word' id='word_1_223' title='bbox 1550 3062 1834 3106; x_wconf 82' lang='lat' dir='ltr'>versus:</span> 
     </span>
    </p>
   </div>
   <div class='ocr_carea' id='block_1_5' title="bbox 721 3161 2575 3320">
    <p class='ocr_par' dir='ltr' id='par_1_9' title="bbox 721 3161 2575 3320">
     <span class='ocr_line' id='line_1_28' title="bbox 721 3161 2575 3232; baseline 0.001 -19"><span class='ocrx_word' id='word_1_224' title='bbox 721 3164 836 3225; x_wconf 83' lang='lat' dir='ltr'>XX,</span> <span class='ocrx_word' id='word_1_225' title='bbox 876 3165 967 3214; x_wconf 88' lang='lat'>88:</span> <span class='ocrx_word' id='word_1_226' title='bbox 1005 3163 1128 3213; x_wconf 81' lang='lat' dir='ltr'>Non</span> <span class='ocrx_word' id='word_1_227' title='bbox 1167 3165 1418 3214; x_wconf 85' lang='lat' dir='ltr'>tenebris</span> <span class='ocrx_word' id='word_1_228' title='bbox 1443 3161 1450 3232; x_wconf 97' lang='grc' dir='ltr'>Ι</span> <span class='ocrx_word' id='word_1_229' title='bbox 1473 3166 1762 3227; x_wconf 84' lang='lat' dir='ltr'>pavitante</span> <span class='ocrx_word' id='word_1_230' title='bbox 1779 3163 1800 3232; x_wconf 94' lang='grc' dir='ltr'>ΙΙ</span> <span class='ocrx_word' id='word_1_231' title='bbox 1818 3178 1921 3215; x_wconf 88' lang='lat' dir='ltr'>nec</span> <span class='ocrx_word' id='word_1_232' title='bbox 1957 3164 2281 3215; x_wconf 72' lang='lat' dir='ltr'>ostendente</span> <span class='ocrx_word' id='word_1_233' title='bbox 2316 3165 2575 3231; x_wconf 80' lang='lat' dir='ltr'>salebris,</span> 
     </span>
     <span class='ocr_line' id='line_1_29' title="bbox 722 3249 2529 3320; baseline 0 -21"><span class='ocrx_word' id='word_1_234' title='bbox 722 3252 918 3315; x_wconf 81' lang='lat' dir='ltr'>XXVI,</span> <span class='ocrx_word' id='word_1_235' title='bbox 956 3253 1084 3301; x_wconf 87' lang='lat'>380:</span> <span class='ocrx_word' id='word_1_236' title='bbox 1126 3251 1230 3302; x_wconf 88' lang='lat' dir='ltr'>Ille</span> <span class='ocrx_word' id='word_1_237' title='bbox 1268 3253 1405 3303; x_wconf 89' lang='lat' dir='ltr'>deus</span> <span class='ocrx_word' id='word_1_238' title='bbox 1429 3249 1435 3319; x_wconf 95' lang='grc' dir='ltr'>Ι</span> <span class='ocrx_word' id='word_1_239' title='bbox 1461 3253 1714 3303; x_wconf 85' lang='lat' dir='ltr'>Danielis</span> <span class='ocrx_word' id='word_1_240' title='bbox 1731 3250 1750 3320; x_wconf 98' lang='grc' dir='ltr'>ΙΙ</span> <span class='ocrx_word' id='word_1_241' title='bbox 1769 3258 1821 3303; x_wconf 87' lang='lat' dir='ltr'>et</span> <span class='ocrx_word' id='word_1_242' title='bbox 1859 3253 1957 3302; x_wconf 84' lang='lat' dir='ltr'>ille</span> <span class='ocrx_word' id='word_1_243' title='bbox 1994 3252 2163 3303; x_wconf 87' lang='lat' dir='ltr'>trium</span> <span class='ocrx_word' id='word_1_244' title='bbox 2202 3265 2529 3315; x_wconf 88' lang='lat' dir='ltr'>puerorum.</span> 
     </span>
    </p>
   </div>
   <div class='ocr_carea' id='block_1_6' title="bbox 511 3357 3225 3645">
    <p class='ocr_par' dir='ltr' id='par_1_10' title="bbox 511 3357 3225 3645">
     <span class='ocr_line' id='line_1_30' title="bbox 515 3357 3225 3440; baseline 0 -21"><span class='ocrx_word' id='word_1_245' title='bbox 515 3357 740 3419; x_wconf 89' lang='lat' dir='ltr'>Ceteri</span> <span class='ocrx_word' id='word_1_246' title='bbox 788 3376 1066 3437; x_wconf 90' lang='lat' dir='ltr'>quoque</span> <span class='ocrx_word' id='word_1_247' title='bbox 1113 3360 1359 3440; x_wconf 66' lang='lat' dir='ltr'>poetae</span> <span class='ocrx_word' id='word_1_248' title='bbox 1407 3362 1578 3422; x_wconf 88' lang='lat' dir='ltr'>hanc</span> <span class='ocrx_word' id='word_1_249' title='bbox 1625 3358 1713 3422; x_wconf 94' lang='lat' dir='ltr'>ob</span> <span class='ocrx_word' id='word_1_250' title='bbox 1757 3377 2029 3421; x_wconf 88' lang='lat' dir='ltr'>causam</span> <span class='ocrx_word' id='word_1_251' title='bbox 2064 3359 2402 3422; x_wconf 88' lang='lat' dir='ltr'>diaeresin</span> <span class='ocrx_word' id='word_1_252' title='bbox 2454 3357 2833 3420; x_wconf 88' lang='lat' dir='ltr'>bucolicam</span> <span class='ocrx_word' id='word_1_253' title='bbox 2868 3357 2979 3436; x_wconf 84' lang='lat' dir='ltr'>(cf.</span> <span class='ocrx_word' id='word_1_254' title='bbox 3014 3375 3225 3436; x_wconf 88' lang='lat' dir='ltr'>supra</span> 
     </span>
     <span class='ocr_line' id='line_1_31' title="bbox 514 3461 3221 3543; baseline 0.001 -23"><span class='ocrx_word' id='word_1_255' title='bbox 514 3480 574 3540; x_wconf 94' lang='lat' dir='ltr'>p.</span> <span class='ocrx_word' id='word_1_256' title='bbox 645 3464 754 3541; x_wconf 84' lang='lat'>50)</span> <span class='ocrx_word' id='word_1_257' title='bbox 822 3466 1094 3543; x_wconf 87' lang='lat' dir='ltr'>saepius</span> <span class='ocrx_word' id='word_1_258' title='bbox 1161 3464 1560 3526; x_wconf 86' lang='lat' dir='ltr'>omiserunt.</span> <span class='ocrx_word' id='word_1_259' title='bbox 1627 3462 1716 3525; x_wconf 91' lang='lat' dir='ltr'>Ut</span> <span class='ocrx_word' id='word_1_260' title='bbox 1778 3475 1993 3543; x_wconf 77' lang='lat' dir='ltr'>pauca</span> <span class='ocrx_word' id='word_1_261' title='bbox 2058 3464 2383 3542; x_wconf 79' lang='lat' dir='ltr'>adferam,</span> <span class='ocrx_word' id='word_1_262' title='bbox 2462 3462 2822 3525; x_wconf 87' lang='lat' dir='ltr'>Lucretius</span> <span class='ocrx_word' id='word_1_263' title='bbox 2900 3461 3221 3524; x_wconf 91' lang='lat' dir='ltr'>omnibus</span> 
     </span>
     <span class='ocr_line' id='line_1_32' title="bbox 511 3565 3219 3645; baseline 0.001 -20"><span class='ocrx_word' id='word_1_264' title='bbox 511 3566 682 3626; x_wconf 92' lang='lat' dir='ltr'>locis</span> <span class='ocrx_word' id='word_1_265' title='bbox 717 3585 868 3628; x_wconf 87' lang='lat' dir='ltr'>cum</span> <span class='ocrx_word' id='word_1_266' title='bbox 903 3569 1234 3630; x_wconf 91' lang='lat' dir='ltr'>incisione</span> <span class='ocrx_word' id='word_1_267' title='bbox 1269 3571 1471 3630; x_wconf 90' lang='lat' dir='ltr'>tertia</span> <span class='ocrx_word' id='word_1_268' title='bbox 1491 3570 1836 3631; x_wconf 87' lang='lat' dir='ltr'>trochaica</span> <span class='ocrx_word' id='word_1_269' title='bbox 1856 3574 1925 3631; x_wconf 89' lang='lat' dir='ltr'>et</span> <span class='ocrx_word' id='word_1_270' title='bbox 1945 3570 2438 3631; x_wconf 86' lang='lat' dir='ltr'>trithemimere</span> <span class='ocrx_word' id='word_1_271' title='bbox 2461 3568 2815 3645; x_wconf 89' lang='lat' dir='ltr'>coniungit</span> <span class='ocrx_word' id='word_1_272' title='bbox 2835 3565 3219 3629; x_wconf 89' lang='lat' dir='ltr'>bucolicam</span> 
     </span>
    </p>
   </div>
   <div class='ocr_carea' id='block_1_7' title="bbox 513 3673 2574 4195">
    <p class='ocr_par' dir='ltr' id='par_1_11' title="bbox 513 3673 2574 4195">
     <span class='ocr_line' id='line_1_33' title="bbox 513 3673 1373 3750; baseline 0.003 -18"><span class='ocrx_word' id='word_1_273' title='bbox 513 3674 818 3750; x_wconf 88' lang='lat' dir='ltr'>exceptis</span> <span class='ocrx_word' id='word_1_274' title='bbox 866 3674 970 3734; x_wconf 89' lang='lat' dir='ltr'>his</span> <span class='ocrx_word' id='word_1_275' title='bbox 1018 3673 1373 3735; x_wconf 86' lang='lat' dir='ltr'>versibus:</span> 
     </span>
     <span class='ocr_line' id='line_1_34' title="bbox 720 3774 2474 3844; baseline 0 -18"><span class='ocrx_word' id='word_1_276' title='bbox 720 3777 814 3840; x_wconf 90' lang='lat' dir='ltr'>1v,</span> <span class='ocrx_word' id='word_1_277' title='bbox 854 3778 1011 3827; x_wconf 76' lang='lat'>1068:</span> <span class='ocrx_word' id='word_1_278' title='bbox 1051 3776 1221 3828; x_wconf 81' lang='lat' dir='ltr'>Ulcus</span> <span class='ocrx_word' id='word_1_279' title='bbox 1257 3778 1408 3828; x_wconf 91' lang='lat' dir='ltr'>enim</span> <span class='ocrx_word' id='word_1_280' title='bbox 1434 3774 1441 3844; x_wconf 94' lang='grc' dir='ltr'>Ι</span> <span class='ocrx_word' id='word_1_281' title='bbox 1466 3776 1746 3844; x_wconf 72' lang='lat' dir='ltr'>vivescitu</span> <span class='ocrx_word' id='word_1_282' title='bbox 1763 3784 1819 3827; x_wconf 88' lang='lat' dir='ltr'>et</span> <span class='ocrx_word' id='word_1_283' title='bbox 1856 3778 2214 3828; x_wconf 82' lang='lat' dir='ltr'>inveterascit</span> <span class='ocrx_word' id='word_1_284' title='bbox 2250 3777 2474 3841; x_wconf 89' lang='lat' dir='ltr'>alendo,</span> 
     </span>
     <span class='ocr_line' id='line_1_35' title="bbox 719 3862 2343 3933; baseline 0.001 -20"><span class='ocrx_word' id='word_1_285' title='bbox 719 3862 782 3931; x_wconf 80' lang='lat' dir='ltr'>V,</span> <span class='ocrx_word' id='word_1_286' title='bbox 827 3865 988 3914; x_wconf 82' lang='lat'><strong>1361:</strong></span> <span class='ocrx_word' id='word_1_287' title='bbox 1030 3867 1100 3914; x_wconf 84' lang='lat' dir='ltr'>At</span> <span class='ocrx_word' id='word_1_288' title='bbox 1135 3866 1419 3928; x_wconf 81' lang='lat' dir='ltr'>specimen</span> <span class='ocrx_word' id='word_1_289' title='bbox 1445 3863 1451 3933; x_wconf 99' lang='grc' dir='ltr'>Ι</span> <span class='ocrx_word' id='word_1_290' title='bbox 1475 3866 1708 3916; x_wconf 86' lang='lat' dir='ltr'>sationis</span> <span class='ocrx_word' id='word_1_291' title='bbox 1725 3862 1744 3933; x_wconf 86' lang='grc' dir='ltr'>ΙΙ</span> <span class='ocrx_word' id='word_1_292' title='bbox 1761 3871 1817 3916; x_wconf 89' lang='lat' dir='ltr'>et</span> <span class='ocrx_word' id='word_1_293' title='bbox 1852 3865 2131 3917; x_wconf 83' lang='lat' dir='ltr'>insitionis</span> <span class='ocrx_word' id='word_1_294' title='bbox 2166 3866 2343 3927; x_wconf 82' lang='lat' dir='ltr'>origo,</span> 
     </span>
     <span class='ocr_line' id='line_1_36' title="bbox 720 3949 2347 4021; baseline 0.001 -20"><span class='ocrx_word' id='word_1_295' title='bbox 720 3951 815 4015; x_wconf 85' lang='lat' dir='ltr'>IV,</span> <span class='ocrx_word' id='word_1_296' title='bbox 852 3954 979 4002; x_wconf 83' lang='lat'>460:</span> <span class='ocrx_word' id='word_1_297' title='bbox 1019 3954 1090 4002; x_wconf 87' lang='lat' dir='ltr'>Et</span> <span class='ocrx_word' id='word_1_298' title='bbox 1124 3954 1343 4004; x_wconf 80' lang='lat' dir='ltr'>sonitus</span> <span class='ocrx_word' id='word_1_299' title='bbox 1367 3951 1374 4021; x_wconf 98' lang='grc' dir='ltr'>Ι</span> <span class='ocrx_word' id='word_1_300' title='bbox 1399 3954 1600 4004; x_wconf 90' lang='lat' dir='ltr'>audire</span> <span class='ocrx_word' id='word_1_301' title='bbox 1617 3949 1639 4021; x_wconf 93' lang='grc' dir='ltr'>ΙΙ</span> <span class='ocrx_word' id='word_1_302' title='bbox 1655 3966 1851 4003; x_wconf 83' lang='lat' dir='ltr'>severa</span> <span class='ocrx_word' id='word_1_303' title='bbox 1887 3954 2113 4003; x_wconf 83' lang='lat' dir='ltr'>silentia</span> <span class='ocrx_word' id='word_1_304' title='bbox 2150 3954 2347 4019; x_wconf 87' lang='lat' dir='ltr'>noctis,</span> 
     </span>
     <span class='ocr_line' id='line_1_37' title="bbox 719 4038 2475 4107; baseline 0.001 -20"><span class='ocrx_word' id='word_1_305' title='bbox 719 4038 813 4097; x_wconf 86' lang='lat' dir='ltr'>VI,</span> <span class='ocrx_word' id='word_1_306' title='bbox 851 4040 975 4089; x_wconf 79' lang='lat'>435:</span> <span class='ocrx_word' id='word_1_307' title='bbox 1017 4040 1286 4091; x_wconf 79' lang='lat' dir='ltr'>coniectu</span> <span class='ocrx_word' id='word_1_308' title='bbox 1311 4038 1318 4107; x_wconf 94' lang='grc' dir='ltr'>Ι</span> <span class='ocrx_word' id='word_1_309' title='bbox 1341 4041 1661 4091; x_wconf 85' lang='lat' dir='ltr'>trucidatur</span> <span class='ocrx_word' id='word_1_310' title='bbox 1678 4038 1698 4107; x_wconf 95' lang='grc' dir='ltr'>ΙΙ</span> <span class='ocrx_word' id='word_1_311' title='bbox 1717 4046 1772 4090; x_wconf 91' lang='lat' dir='ltr'>et</span> <span class='ocrx_word' id='word_1_312' title='bbox 1806 4040 2141 4091; x_wconf 84' lang='lat' dir='ltr'>extendatur</span> <span class='ocrx_word' id='word_1_313' title='bbox 2177 4041 2235 4090; x_wconf 88' lang='lat' dir='ltr'>in</span> <span class='ocrx_word' id='word_1_314' title='bbox 2274 4040 2475 4105; x_wconf 71' lang='lat' dir='ltr'>undaS,</span> 
     </span>
     <span class='ocr_line' id='line_1_38' title="bbox 721 4124 2574 4195; baseline 0 -21"><span class='ocrx_word' id='word_1_315' title='bbox 721 4126 814 4191; x_wconf 83' lang='lat' dir='ltr'>vl,</span> <span class='ocrx_word' id='word_1_316' title='bbox 857 4128 1014 4177; x_wconf 78' lang='lat'>1122:</span> <span class='ocrx_word' id='word_1_317' title='bbox 1053 4127 1178 4183; x_wconf 88' lang='lat' dir='ltr'>Qua</span> <span class='ocrx_word' id='word_1_318' title='bbox 1214 4128 1495 4191; x_wconf 79' lang='lat' dir='ltr'>graditur,</span> <span class='ocrx_word' id='word_1_319' title='bbox 1521 4124 1527 4194; x_wconf 95' lang='grc' dir='ltr'>Ι</span> <span class='ocrx_word' id='word_1_320' title='bbox 1552 4128 1858 4177; x_wconf 87' lang='lat' dir='ltr'>conturbat</span> <span class='ocrx_word' id='word_1_321' title='bbox 1873 4124 1892 4195; x_wconf 98' lang='grc' dir='ltr'>ΙΙ</span> <span class='ocrx_word' id='word_1_322' title='bbox 1910 4132 1964 4177; x_wconf 87' lang='lat' dir='ltr'>et</span> <span class='ocrx_word' id='word_1_323' title='bbox 1999 4129 2307 4179; x_wconf 88' lang='lat' dir='ltr'>immutare</span> <span class='ocrx_word' id='word_1_324' title='bbox 2342 4130 2574 4176; x_wconf 86' lang='lat' dir='ltr'>coactat.</span> 
     </span>
    </p>
   </div>
   <div class='ocr_carea' id='block_1_8' title="bbox 511 4229 3219 4411">
    <p class='ocr_par' dir='ltr' id='par_1_12' title="bbox 511 4229 3219 4411">
     <span class='ocr_line' id='line_1_39' title="bbox 512 4229 3219 4311; baseline -0 -21"><span class='ocrx_word' id='word_1_325' title='bbox 512 4229 774 4291; x_wconf 89' lang='lat' dir='ltr'>Deinde</span> <span class='ocrx_word' id='word_1_326' title='bbox 823 4231 1008 4309; x_wconf 86' lang='lat' dir='ltr'>apud</span> <span class='ocrx_word' id='word_1_327' title='bbox 1055 4230 1455 4311; x_wconf 88' lang='lat' dir='ltr'>Vergilium,</span> <span class='ocrx_word' id='word_1_328' title='bbox 1523 4234 1641 4311; x_wconf 89' lang='lat' dir='ltr'>qui</span> <span class='ocrx_word' id='word_1_329' title='bbox 1706 4250 1860 4295; x_wconf 91' lang='lat' dir='ltr'>cum</span> <span class='ocrx_word' id='word_1_330' title='bbox 1928 4233 2181 4294; x_wconf 86' lang='lat' dir='ltr'>Ovidio</span> <span class='ocrx_word' id='word_1_331' title='bbox 2246 4233 2601 4294; x_wconf 89' lang='lat' dir='ltr'>rarissime</span> <span class='ocrx_word' id='word_1_332' title='bbox 2650 4232 2819 4291; x_wconf 89' lang='lat' dir='ltr'>hanc</span> <span class='ocrx_word' id='word_1_333' title='bbox 2868 4244 3219 4291; x_wconf 86' lang='lat' dir='ltr'>caesuram</span> 
     </span>
     <span class='ocr_line' id='line_1_40' title="bbox 511 4334 2293 4411; baseline 0.002 -18"><span class='ocrx_word' id='word_1_334' title='bbox 511 4334 857 4411; x_wconf 87' lang='lat' dir='ltr'>formavit,</span> <span class='ocrx_word' id='word_1_335' title='bbox 904 4335 973 4395; x_wconf 85' lang='lat' dir='ltr'>hi</span> <span class='ocrx_word' id='word_1_336' title='bbox 1021 4354 1268 4397; x_wconf 84' lang='lat' dir='ltr'>versus</span> <span class='ocrx_word' id='word_1_337' title='bbox 1318 4342 1552 4400; x_wconf 89' lang='lat' dir='ltr'>carent</span> <span class='ocrx_word' id='word_1_338' title='bbox 1601 4336 1903 4398; x_wconf 89' lang='lat' dir='ltr'>diaeresi</span> <span class='ocrx_word' id='word_1_339' title='bbox 1951 4336 2293 4399; x_wconf 91' lang='lat' dir='ltr'>bucolica:</span> 
     </span>
    </p>
   </div>
   <div class='ocr_carea' id='block_1_9' title="bbox 720 4454 2784 4873">
    <p class='ocr_par' dir='ltr' id='par_1_13' title="bbox 720 4454 2784 4873">
     <span class='ocr_line' id='line_1_41' title="bbox 720 4454 2672 4525; baseline 0.002 -21"><span class='ocrx_word' id='word_1_340' title='bbox 720 4457 857 4506; x_wconf 80' lang='lat' dir='ltr'>Aen.</span> <span class='ocrx_word' id='word_1_341' title='bbox 898 4456 959 4521; x_wconf 79' lang='lat' dir='ltr'>V,</span> <span class='ocrx_word' id='word_1_342' title='bbox 997 4458 1124 4507; x_wconf 75' lang='lat'>781:</span> <span class='ocrx_word' id='word_1_343' title='bbox 1164 4457 1403 4507; x_wconf 88' lang='lat' dir='ltr'>Iunonis</span> <span class='ocrx_word' id='word_1_344' title='bbox 1427 4454 1434 4525; x_wconf 96' lang='grc' dir='ltr'>Ι</span> <span class='ocrx_word' id='word_1_345' title='bbox 1456 4458 1649 4521; x_wconf 81' lang='lat' dir='ltr'>gravis</span> <span class='ocrx_word' id='word_1_346' title='bbox 1685 4454 2011 4524; x_wconf 73' lang='lat' dir='ltr'>iranneque</span> <span class='ocrx_word' id='word_1_347' title='bbox 2047 4457 2429 4507; x_wconf 85' lang='lat' dir='ltr'>exsaturabile</span> <span class='ocrx_word' id='word_1_348' title='bbox 2465 4462 2672 4522; x_wconf 88' lang='lat' dir='ltr'>pectus,</span> 
     </span>
     <span class='ocr_line' id='line_1_42' title="bbox 891 4541 2663 4612; baseline 0 -19"><span class='ocrx_word' id='word_1_349' title='bbox 891 4543 1019 4611; x_wconf 84' lang='lat' dir='ltr'>VII,</span> <span class='ocrx_word' id='word_1_350' title='bbox 1057 4546 1181 4594; x_wconf 76' lang='lat'>711:</span> <span class='ocrx_word' id='word_1_351' title='bbox 1221 4545 1377 4595; x_wconf 87' lang='lat' dir='ltr'>Ereti</span> <span class='ocrx_word' id='word_1_352' title='bbox 1403 4544 1409 4611; x_wconf 99' lang='grc' dir='ltr'>Ι</span> <span class='ocrx_word' id='word_1_353' title='bbox 1435 4558 1637 4596; x_wconf 89' lang='lat' dir='ltr'>manus</span> <span class='ocrx_word' id='word_1_354' title='bbox 1675 4548 1855 4595; x_wconf 90' lang='lat' dir='ltr'>omnis</span> <span class='ocrx_word' id='word_1_355' title='bbox 1872 4541 1891 4612; x_wconf 96' lang='grc' dir='ltr'>ΙΙ</span> <span class='ocrx_word' id='word_1_356' title='bbox 1909 4545 2321 4607; x_wconf 73' lang='lat' dir='ltr'>oliviferaeque</span> <span class='ocrx_word' id='word_1_357' title='bbox 2356 4545 2663 4602; x_wconf 75' lang='lat' dir='ltr'>Mutuscae,</span> 
     </span>
     <span class='ocr_line' id='line_1_43' title="bbox 890 4628 2715 4698; baseline 0.001 -19"><span class='ocrx_word' id='word_1_358' title='bbox 890 4632 1021 4689; x_wconf 90' lang='lat' dir='ltr'>XII,</span> <span class='ocrx_word' id='word_1_359' title='bbox 1058 4632 1184 4681; x_wconf 77' lang='lat'>617:</span> <span class='ocrx_word' id='word_1_360' title='bbox 1225 4632 1504 4682; x_wconf 73' lang='lat' dir='ltr'>Confusae</span> <span class='ocrx_word' id='word_1_361' title='bbox 1528 4630 1535 4698; x_wconf 99' lang='grc' dir='ltr'>Ι</span> <span class='ocrx_word' id='word_1_362' title='bbox 1559 4646 1731 4683; x_wconf 85' lang='lat' dir='ltr'>sonus</span> <span class='ocrx_word' id='word_1_363' title='bbox 1769 4633 1928 4683; x_wconf 86' lang='lat' dir='ltr'>urbis</span> <span class='ocrx_word' id='word_1_364' title='bbox 1944 4628 1964 4698; x_wconf 96' lang='grc' dir='ltr'>ΙΙ</span> <span class='ocrx_word' id='word_1_365' title='bbox 1982 4636 2035 4681; x_wconf 86' lang='lat' dir='ltr'>et</span> <span class='ocrx_word' id='word_1_366' title='bbox 2072 4632 2401 4682; x_wconf 86' lang='lat' dir='ltr'>inlaetabile</span> <span class='ocrx_word' id='word_1_367' title='bbox 2440 4644 2715 4697; x_wconf 87' lang='lat' dir='ltr'>murmur,</span> 
     </span>
     <span class='ocr_line' id='line_1_44' title="bbox 893 4716 2664 4787; baseline 0 -19"><span class='ocrx_word' id='word_1_368' title='bbox 893 4718 1002 4783; x_wconf 85' lang='grc' dir='ltr'><strong>ΙΙΙ,</strong></span> <span class='ocrx_word' id='word_1_369' title='bbox 1039 4721 1165 4771; x_wconf 77' lang='grc' dir='ltr'><strong>707ε</strong></span> <span class='ocrx_word' id='word_1_370' title='bbox 1208 4720 1359 4769; x_wconf 88' lang='lat' dir='ltr'>Hinc</span> <span class='ocrx_word' id='word_1_371' title='bbox 1397 4720 1646 4782; x_wconf 82' lang='lat' dir='ltr'>Drepani</span> <span class='ocrx_word' id='word_1_372' title='bbox 1672 4720 1679 4785; x_wconf 98' lang='grc' dir='ltr'>Ι</span> <span class='ocrx_word' id='word_1_373' title='bbox 1705 4733 1792 4769; x_wconf 88' lang='lat' dir='ltr'>me</span> <span class='ocrx_word' id='word_1_374' title='bbox 1828 4724 2022 4783; x_wconf 88' lang='lat' dir='ltr'>portus</span> <span class='ocrx_word' id='word_1_375' title='bbox 2040 4716 2059 4787; x_wconf 98' lang='grc' dir='ltr'>ΙΙ</span> <span class='ocrx_word' id='word_1_376' title='bbox 2076 4725 2131 4769; x_wconf 89' lang='lat' dir='ltr'>et</span> <span class='ocrx_word' id='word_1_377' title='bbox 2165 4719 2511 4769; x_wconf 84' lang='lat' dir='ltr'>inlaetabilis</span> <span class='ocrx_word' id='word_1_378' title='bbox 2546 4730 2664 4785; x_wconf 88' lang='lat' dir='ltr'>ora,</span> 
     </span>
     <span class='ocr_line' id='line_1_45' title="bbox 889 4803 2784 4873; baseline 0 -18"><span class='ocrx_word' id='word_1_379' title='bbox 889 4806 1000 4873; x_wconf 85' lang='grc' dir='ltr'>ΙΙΙ,</span> <span class='ocrx_word' id='word_1_380' title='bbox 1036 4808 1161 4856; x_wconf 79' lang='lat'><strong>269:</strong></span> <span class='ocrx_word' id='word_1_381' title='bbox 1202 4807 1326 4864; x_wconf 89' lang='lat' dir='ltr'>Qua</span> <span class='ocrx_word' id='word_1_382' title='bbox 1364 4817 1590 4857; x_wconf 87' lang='lat' dir='ltr'>cursum</span> <span class='ocrx_word' id='word_1_383' title='bbox 1618 4804 1967 4873; x_wconf 78' lang='lat' dir='ltr'>{ventusque</span> <span class='ocrx_word' id='word_1_384' title='bbox 1982 4803 2002 4873; x_wconf 95' lang='grc' dir='ltr'>ΙΙ</span> <span class='ocrx_word' id='word_1_385' title='bbox 2020 4808 2485 4869; x_wconf 80' lang='lat' dir='ltr'>gubernatorque</span> <span class='ocrx_word' id='word_1_386' title='bbox 2524 4806 2784 4869; x_wconf 85' lang='lat' dir='ltr'>vocabat,</span> 
     </span>
    </p>
   </div>
   <div class='ocr_carea' id='block_1_10' title="bbox 3520 22 3544 5083">
    <p class='ocr_par' dir='ltr' id='par_1_14' title="bbox 3520 22 3544 5083">
     <span class='ocr_line' id='line_1_46' title="bbox 3520 22 3544 5083; baseline 0 0"><span class='ocrx_word' id='word_1_387' title='bbox 3520 22 3544 5083; x_wconf 95' lang='lat' dir='ltr'> </span> 
     </span>
    </p>
   </div>
  </div>
 </body>
</html>
