3567 5109
1530 343 2010 410 -181—

624 537 862 620 Neque
923 539 1150 603 solum
1197 540 1286 603 ob
1334 558 1576 604 vocem
1641 541 1899 604 coloris
1948 546 2072 603 sat.
2122 539 2253 604 VII
2302 547 2440 608 155,
2490 540 2613 604 sed
2676 541 2903 619 etiam,
2969 544 3133 621 quia

413 645 542 707 hoc
615 647 686 708 in
746 661 960 707 versu
1027 663 1229 729 qenus
1303 663 1532 707 causae
1547 645 1595 724 1)
1661 651 1730 709 et
1787 663 2036 706 summa
2108 643 2393 727 quaestio
2454 645 2798 725 leguntur,
2874 646 3128 726 dignus

412 746 695 814 videtur
778 765 930 813 esse
994 748 1106 814 hic
1167 749 1512 813 Iuvenalis
1573 750 1787 828 locuS,
1864 750 1952 814 de
2016 768 2155 831 quo
2221 750 2633 831 disputetur.
2708 748 2974 822 Quibus
3040 752 3127 816 de

410 852 642 918 verbis
674 852 1138 926 Quintilianus
1169 862 1247 918 ut
1281 855 1495 918 ceteri
1525 855 1841 920 rhetores
1876 858 2018 935 agit
2063 854 2419 919 nonnullis
2466 857 2672 930 locis:
2733 844 2915 919 conf.
2962 855 3128 920 Inst.

413 976 514 1022 or.
559 958 662 1021 III
712 965 767 1034 9,
817 966 850 1019 6
897 965 1044 1022 ante
1099 957 1310 1020 omnia
1354 958 1600 1021 intueri
1649 967 1901 1041 oportet,
1958 956 2127 1042 quod
2179 959 2261 1019 sit
2300 978 2498 1042 genus
2556 979 2807 1033 causae,
2854 955 3013 1040 quid
3056 958 3125 1020 in

410 1082 488 1122 ea
531 1070 900 1144 quaeratur.
949 1065 1052 1128 III
1087 1071 1184 1142 10,
1217 1071 1275 1142 5,
1330 1061 1488 1125 Cum
1533 1063 1909 1148 apparuerit
1948 1084 2178 1147 9enus
2224 1084 2517 1143 causae,
2561 1072 2693 1125 tum
2725 1059 3123 1139 intuebimur,

408 1174 744 1250 negeturne
789 1167 1071 1252 factum,
1118 1166 1281 1252 quod
1325 1165 1684 1230 intenditur
1735 1189 1823 1229 an
1878 1165 2267 1252 defendatur
2308 1187 2397 1230 an
2441 1164 2569 1230 alio
2612 1166 2865 1230 nomine
2906 1165 3125 1252 appel-

411 1267 576 1334 letur
636 1291 726 1333 an
772 1292 817 1333 a
855 1292 1081 1356 yenere
1143 1270 1414 1334 actionis
1473 1269 1859 1356 repellatur:
1922 1271 2088 1334 unde
2150 1279 2301 1335 sunt
2364 1278 2588 1337 status.
2652 1268 2784 1335 His
2848 1270 3127 1336 inventis

404 1375 774 1439 intuendum
805 1373 1103 1462 deinceps
1135 1375 1574 1461 Hermagorae
1617 1375 1892 1456 videtur,
1937 1375 2093 1460 quid
2138 1377 2221 1440 sit
2265 1376 2639 1461 quaestio,
2684 1377 2876 1456 ratic,
2956 1375 3119 1438 iudi·

405 1481 594 1559 catto,
626 1479 966 1562 continens,
997 1480 1097 1544 vel
1125 1488 1197 1544 ut
1225 1479 1352 1544 alii
1377 1490 1623 1558 vocant,
1636 1481 2131 1568 firmanentum.
2172 1479 2473 1553 Quaestio
2509 1480 2708 1544 latius
2737 1479 3124 1567 intelleqitur

401 1607 507 1650 res
562 1582 784 1666 bmnis,
850 1583 925 1648 de
971 1608 1100 1669 qua
1162 1584 1232 1648 in
1294 1593 1626 1669 utramque
1679 1595 1941 1672 partem
1994 1583 2095 1649 vel
2154 1587 2224 1648 in
2275 1583 2489 1670 plures
2550 1584 2683 1650 dici
2742 1583 3122 1649 credibiliter

399 1697 622 1772 potest.
668 1688 751 1752 In
793 1688 1093 1753 iudiciali
1133 1700 1346 1754 autem
1389 1692 1656 1754 materia
1687 1689 2030 1775 dupliciter
2073 1688 2453 1776 accipienda
2496 1701 2617 1756 est:
2665 1689 2869 1755 altero
2914 1688 3120 1771 mode,

403 1815 523 1876 quo
575 1791 850 1856 dicimus
900 1793 1139 1858 ntultas
1182 1795 1574 1878 quaestiones
1618 1792 1839 1858 habere
1888 1793 2399 1870 controversiam,
2447 1816 2569 1879 quo
2616 1797 2811 1860 etiam
2838 1793 3119 1860 minores

401 1918 610 1960 omnes
641 1897 1135 1983 complectimur,
1181 1899 1404 1976 altere,
1453 1921 1571 1982 quo
1601 1898 1768 1984 siqui
1759 1897 2037 1984 ficamus
2072 1920 2381 1962 summam
2412 1897 2611 1980 illam,
2654 1900 2727 1965 in
2762 1923 2891 1985 qua
2923 1921 3119 1964 causa

409 2001 692 2068 vertitur.
728 2005 787 2068 V
823 2012 921 2083 13,
957 2011 1035 2066 55
1087 2001 1438 2067 Videndum
1457 2003 1812 2088 praecipue
1842 2003 2095 2087 utrique
2123 2003 2325 2087 parti,
2373 2003 2482 2068 ubi
2524 2002 2584 2067 si
2590 2013 2611 2067 t
2658 2007 2775 2068 rei
2814 2027 3115 2070 summa.

611 2109 702 2174 Ut
733 2110 872 2172 iam
906 2111 992 2173 de
1011 2110 1250 2174 verbis
1281 2111 1632 2174 Iuvenalis
1665 2129 1750 2174 ex
1783 2112 2148 2174 rhetorum
2180 2111 2547 2193 disciplina
2578 2113 2875 2193 sumptis
2906 2112 3116 2176 disse-

400 2230 557 2276 rere
601 2231 1123 2294 persequamur,
1155 2215 1556 2278 Iuvenalem
1590 2215 1676 2278 de
1702 2233 1927 2297 genere
1956 2210 2225 2291 dicendi,
2276 2217 2474 2278 cuius
2506 2215 2578 2278 in
2626 2224 2752 2280 sat.
2788 2217 2882 2278 VI
2914 2217 3109 2294 448l9

861 2315 1018 2380 Non
1063 2315 1290 2381 habeat
1334 2326 1646 2394 matrona,
1693 2315 1809 2381 tibi
1852 2339 2011 2402 quae
2056 2316 2276 2380 iuncta
2319 2318 2641 2395 recumbit,

859 2420 1120 2485 dicendi
1164 2443 1364 2506 genus
1393 2473 1410 2489 .
1439 2472 1454 2486 .
1488 2473 1503 2488 .
1538 2474 1552 2488 .

397 2547 665 2592 memor
729 2536 853 2605 est,
922 2548 960 2592 a
1024 2529 1450 2602 Quintiliano
1499 2549 1779 2610 quoque
1836 2529 2209 2592 certiorem
2256 2529 2413 2592 fieri
2462 2530 2792 2610 potuisse,
2840 2551 2995 2594 cum
3048 2533 3106 2594 is

398 2634 562 2696 Inst.
615 2652 714 2696 or.
765 2633 894 2697 XII
950 2641 1024 2695 10
1075 2642 1394 2698 accurate
1451 2634 1578 2698 hac
1624 2634 1709 2697 de
1753 2653 1831 2697 re
1887 2639 2068 2714 agat,
2133 2634 2551 2698 concludere
2613 2635 2795 2699 licet.

607 2739 938 2801 Praetera
972 2738 1246 2802 duobus
1278 2739 1450 2801 locis
1482 2739 1827 2803 Iuvenalis
1858 2745 2359 2802 commemorat
2389 2757 2631 2802 vocem
2673 2741 2845 2804 artis
2877 2742 3105 2804 rheto-

395 2843 582 2904 ricae
628 2837 979 2924 eaeemplum
1026 2843 1099 2905 in
1147 2847 1276 2905 sat.
1323 2843 1486 2906 VIII
1538 2849 1659 2904 184

925 2944 1174 3009 utimur
1218 2945 1546 3030 eoeemplis,
1609 2955 1680 3008 ut
1743 2968 1871 3010 non
1905 2945 2141 3031 peiora
2194 2945 2557 3031 supersint?

395 3057 464 3112 et
517 3051 588 3114 in
645 3059 771 3116 sat.
820 3053 976 3114 XIV
1027 3058 1150 3114 322
1197 3049 1459 3114 acribus
1513 3048 1825 3136 exemplis
1870 3049 2088 3112 videor
2132 3060 2189 3113 te
2233 3049 2530 3114 cludere?

602 3158 827 3236 Atque
861 3156 1051 3236 quod
1081 3156 1554 3228 Quintilianus
1595 3158 1765 3222 Inst.
1800 3175 1897 3221 or.
1931 3157 1987 3220 V
2038 3164 2136 3235 11,
2186 3164 2221 3218 6
2270 3156 2357 3221 de
2403 3158 2741 3237 exemplis
2789 3158 3104 3239 disputat

395 3255 762 3342 acemqtlum,
809 3256 878 3320 id
923 3259 1142 3323 estrei
1163 3266 1372 3342 qestae
1403 3267 1520 3322 aut
1563 3268 1636 3322 ut
1672 3267 1888 3343 gestae
1925 3257 2109 3323 utilis
2149 3259 2238 3322 ad
2255 3257 2771 3343 persuadendum
2802 3259 2895 3340 id,
2942 3261 3104 3345 quod

393 3361 756 3438 intenderis,
821 3363 1346 3439 commemoratio,
1411 3383 1499 3428 ne
1563 3367 1734 3429 haec
1779 3383 1918 3430 vox
1967 3366 2249 3446 quidem
2313 3385 2351 3429 a
2416 3367 2745 3431 Iuvenale
2792 3368 3103 3434 adhibita

393 3467 644 3546 obstat,
685 3487 770 3532 ne
803 3488 980 3548 eum,
1022 3488 1195 3550 quae
1228 3470 1313 3532 de
1347 3476 1495 3534 arte
1526 3471 1877 3534 rhetorica
1909 3473 2336 3551 cognoverit,
2380 3471 2565 3552 apud
2598 3471 3096 3544 Quintilianum

394 3572 743 3636 audivisse
789 3580 1153 3637 statuatur.

599 3678 821 3742 Porro
872 3697 1028 3741 cum
1071 3678 1542 3750 Quintilianus
1590 3679 1676 3742 de
1723 3680 1897 3743 locis
1944 3687 2012 3742 et
2059 3687 2633 3768 argumentorum
2682 3687 2749 3742 et
2797 3700 3097 3745 commu-

388 3781 596 3844 nibus
663 3784 784 3862 qui
854 3791 1214 3860 vocantur,
1279 3784 1645 3864 permultis
1695 3784 1934 3861 locis2)
1995 3784 2313 3861 disserat,
2370 3784 2791 3865 Iuvenalem,
2840 3787 2959 3866 qui
3024 3790 3094 3849 in

388 3892 516 3949 sat.
566 3886 661 3949 VI
709 3890 832 3947 245
883 3887 1084 3951 dicit:

593 3989 994 4074 principium
1023 3999 1206 4074 atque
1255 3987 1416 4052 locos
1466 3987 1640 4054 Celso
1686 3987 1929 4054 dictare
1970 3999 2243 4074 paratae
2792 4074 2798 4082 .

386 4094 513 4156 hac
562 4095 646 4158 de
693 4114 768 4158 re
815 4097 898 4158 ab
946 4097 1080 4159 alio
1126 4096 1546 4159 instructum
1605 4115 1756 4160 esse
1820 4099 2035 4159 statui
2101 4113 2697 4177 supervacaneum
2744 4117 2897 4162 esse
2946 4102 3089 4180 opi-

387 4216 536 4261 nor.
568 4199 760 4262 Idem
808 4201 997 4263 valet
1065 4199 1149 4262 de
1195 4218 1368 4264 voce
1396 4197 1803 4284 principium
1857 4201 1929 4262 in
1977 4200 2219 4264 eodem
2264 4220 2473 4264 versu
2521 4211 2880 4282 usurpata3
2931 4223 3089 4268 nam

384 4303 568 4366 idem
625 4303 1094 4376 Quintilianus
1157 4306 1326 4369 Inst.
1372 4324 1468 4369 or.
1516 4305 1609 4367 IV
1661 4315 1686 4365 1
1743 4305 1829 4369 de
1864 4302 2203 4388 princiyn'o
2250 4308 2409 4385 agit.

591 4409 737 4472 Hae
786 4408 960 4471 artis
1004 4408 1392 4473 rhetoricae
1437 4427 1643 4473 voces
1691 4428 1847 4472 cum
1880 4410 2128 4472 dubiae
2161 4429 2299 4472 non
2335 4417 2584 4487 essent,
2632 4411 2877 4474 leviter
2925 4431 3086 4492 per-

383 4512 642 4592 stringi
686 4519 1096 4593 potuerunt;
1142 4515 1347 4577 aliter
1395 4533 1508 4578 res
1563 4533 1636 4577 se
1685 4514 1899 4578 habet
1954 4517 2027 4578 in
2074 4517 2292 4579 verbo
2340 4515 2657 4576 sententia
2702 4517 3085 4594 tractandO,

383 4616 572 4696 quod
624 4616 885 4696 legitur
941 4617 1216 4681 duobus
1271 4620 1341 4681 in
1391 4621 1742 4683 versibus:
1793 4621 1862 4682 in
1910 4627 2037 4682 sat.
2088 4619 2252 4682 VIII
2306 4625 2457 4682 125:

596 4757 632 4820 ¹)
670 4725 816 4810 οοὶἓ.
855 4757 1192 4810 Volkmann.
1229 4758 1413 4811 Rham
1449 4774 1502 4823 p.
1541 4759 1608 4811 74
1628 4771 1748 4828 sqq.

592 4845 634 4911 ²)
672 4845 818 4908 oont-
857 4846 988 4906 Lex.
1028 4844 1248 4904 Boneui
1282 4857 1322 4906 s.
1362 4859 1414 4904 v.
