3567 5109
1447 321 1925 385 -125-

1916 509 2193 562 inridentis

1916 599 2161 661 yeme-ntis

481 689 600 737 103:
641 687 1057 752 exhortatimzem,
1095 682 1494 748 παραινετικόν.
1920 687 2273 735 author-catinae

1918 773 2264 823 consolativae

477 862 554 911 lx
595 863 642 926 1,
678 863 770 914 23:
810 860 1052 910 misereri.
1920 861 2349 910 commiserantis.-

605 951 653 1011 2,
679 951 772 1000 26:
809 963 1038 1012 quaeque
1063 957 1182 997 atem
1211 948 1400 997 similia
1423 948 1500 996 his
1527 947 1634 1010 fin·
1744 965 1957 1013 quornm
2004 955 2121 1012 quot
2167 956 2287 996 mm
2318 948 2541 1012 fiqurcee,
2592 957 2662 998 tot
2720 957 2765 997 e!
2822 950 2875 996 in
2928 966 3023 1012 pro

807 1036 992 1100 fimus.
1745 1035 2034 1086 mcntiando
2069 1051 2227 1086 voces.

1883 1124 1967 1176 26.
2007 1122 2139 1172 Sunt
2176 1131 2221 1172 et
2268 1125 2625 1188 amphidooeae.
2668 1140 2880 1190 qimi-um
2912 1141 3043 1188 para

1741 1211 1957 1260 honesta
2012 1218 2099 1272 eat,
2130 1225 2262 1274 pars
2318 1211 2603 1270 inhonesta,
2644 1219 2724 1260 m:
2778 1211 2913 1260 ‘Non
2972 1219 3045 1260 eat

1743 1305 1835 1346 aut
1880 1305 1993 1348 tuta
2030 1299 2292 1348 voluntas.-
2327 1313 2521 1362 mayna
2560 1299 2695 1362 petis
2738 1297 3044 1348 Phaethon?

543 1474 889 1538 Isidorum
946 1474 1416 1555 compluribus
1463 1475 1632 1538 locis
1689 1475 2139 1556 neglegenter
2208 1479 2429 1556 egisse
2476 1479 2700 1556 primo
2765 1480 3043 1555 aspectu

338 1587 656 1660 apparet;
709 1597 866 1642 nam
917 1579 1176 1660 figuras
1225 1579 1553 1659 quasdam
1588 1581 1801 1644 veluti
1849 1581 2344 1659 admirationis,
2391 1580 2891 1644 exhortationis
2939 1577 3045 1640 bis

337 1675 671 1748 tractavit.
715 1684 1074 1757 Quaedam
1121 1687 1324 1748 etiam
1373 1703 1456 1748 ex
1504 1685 1654 1748 aliis
1699 1685 2159 1766 scriptoribus
2201 1688 2499 1766 sumpsit
2529 1686 2773 1764 (veluti
2806 1702 2869 1764 p.
2903 1688 3047 1760 519,

337 1807 399 1853 v.
447 1795 528 1850 28
550 1808 692 1870 sq.:
746 1785 925 1860 Quae
973 1796 1181 1850 tamen
1225 1807 1306 1850 ne
1335 1806 1462 1850 non
1511 1785 1832 1852 intellecta
1866 1808 1929 1870 q.
1976 1809 2027 1854 s.
2074 1808 2158 1853 ex
2206 1789 2457 1854 Servio
2504 1790 2590 1854 ad
2635 1809 2695 1854 V.
2741 1789 2906 1854 Aen.
2955 1787 3048 1852 IV

340 1899 500 1956 381:
567 1889 624 1971 I,
685 1911 942 1975 sequere
1001 1889 1274 1955 Italiam
1335 1892 1570 1970 mutio,-
1613 1895 2047 1976 exemplum:
2110 1889 2271 1965 Quis
2315 1893 2525 1980 furor
2576 1914 2643 1975 q.
2691 1913 2741 1959 S.
2787 1912 2852 1974 p.
2903 1895 3047 1968 520,

337 2016 398 2062 v.
451 2005 478 2056 1
552 2018 638 2062 ex
702 2001 975 2062 Petron.
1021 2005 1145 2062 sat.
1214 2003 1358 2076 108,
1421 2017 1484 2079 p.
1553 2002 1674 2062 132
1730 2000 1835 2063 ed.
1876 1999 2219 2079 Bueche1.;
2282 2018 2564 2063 versum
2627 1995 2867 2061 Nudus
2926 2015 3048 2056 ara

339 2121 402 2182 q.
435 2123 508 2180 s.,
556 2121 694 2184 quo
724 2103 1061 2168 irridetur
1092 2104 1294 2183 Verg.
1340 2103 1591 2184 Georg.
1647 2104 1702 2182 I,
1755 2123 1820 2168 v,
1868 2109 2013 2184 299,
2059 2107 2289 2168 nescio
2347 2123 2431 2168 ex
2482 2123 2621 2185 quo
2668 2107 3043 2188 scriptore;

340 2209 770 2289 exemplum:
844 2205 1044 2290 Papo,
1105 2207 1316 2269 vioere
1379 2227 1506 2270 non
1554 2204 1699 2270 licet
1761 2227 1826 2290 q.
1872 2227 1923 2274 S.
1968 2229 2035 2292 p.
2103 2216 2244 2288 520,
2289 2229 2349 2273 v.
2414 2216 2451 2270 9
2500 2228 2585 2273 ex
2632 2205 3043 2286 Hieronymi

340 2313 537 2392 epist.
597 2319 654 2390 4,
703 2331 754 2376 c.
823 2321 878 2374 6.
926 2312 1010 2376 ad
1059 2313 1468 2391 Rusticum),
1517 2315 1639 2376 sed
1690 2321 1917 2377 cetera
1964 2317 2335 2378 maximam
2384 2321 2651 2395 partem
2686 2313 3046 2377 Celsianae

341 2415 700 2481 doctrinae
745 2419 1046 2498 speciem
1093 2418 1420 2481 videntur
1465 2417 1817 2499 praebere.

548 2521 636 2586 At
693 2522 881 2585 dices
931 2522 1259 2585 fortasse:
1308 2539 1432 2585 cur
1481 2525 1859 2604 episcopus
1907 2523 2338 2606 Hispalensis
2385 2525 2515 2586 hoc
2563 2524 2718 2586 loco
2765 2519 3045 2584 nomina

340 2626 604 2690 Graeca
670 2644 809 2689 non
875 2626 1168 2690 adiecit?
1234 2625 1434 2698 Quod
1500 2644 1580 2690 ea
1646 2627 1715 2689 in
1761 2628 1955 2690 fonte
2003 2646 2131 2690 suo
2178 2646 2318 2691 non
2365 2629 2719 2690 invenisse
2765 2626 3042 2704 opinor;

339 2732 456 2794 illa
489 2731 673 2795 enim
705 2731 1052 2794 schemata
1081 2731 1388 2811 propriis
1419 2732 1592 2794 artis
1624 2731 1983 2795 vocabulis
2008 2731 2364 2810 designata
2396 2731 2611 2794 fuisse
2630 2729 3044 2808 negaverim.

547 2836 786 2915 Neque
831 2853 944 2897 me
989 2832 1172 2913 fugit
1218 2837 1348 2898 hoc
1395 2835 1552 2899 loco
1600 2838 1829 2898 omnia
1875 2837 2020 2900 fere
2067 2837 2381 2916 exempla
2428 2853 2513 2900 ex
2559 2831 2847 2914 Vergilii
2896 2847 3044 2894 car-

343 2941 650 3004 minibus
697 2941 914 3020 petita
963 2956 1134 3003 esse.
1177 2939 1498 3002 Attamen
1547 2941 1722 3004 hanc
1769 2957 1919 3003 rem
1975 2958 2112 3003 non
2161 2941 2443 3004 obstare
2484 2941 2830 3015 existimO,
2879 2955 3046 3017 quo-

342 3047 572 3108 minus
619 3041 898 3108 Celsum
963 3042 1216 3105 Isidori
1281 3046 1667 3124 principem
1732 3051 2085 3109 auctorem
2182 3062 2333 3108 esse
2399 3049 2801 3108 statuamus.
2876 3041 3045 3104 Nam

339 3150 535 3212 illum
600 3153 673 3211 in
728 3149 1254 3211 Institutionum
1300 3149 1500 3210 libris
1549 3149 1832 3228 Vergilii
1896 3149 2244 3212 rationem
2309 3149 2639 3212 habuisse
2688 3147 2915 3210 elucet
2961 3163 3045 3207 ex

343 3255 424 3317 fr.
481 3260 609 3317 14.:
657 3249 991 3338 Siquidem
1043 3248 1264 3314 Celsus
1307 3253 1722 3335 κακέμφοετον
1766 3249 1946 3336 apud
2006 3249 2362 3336 Verqilium
2404 3259 2623 3336 putat.-

1159 3356 1498 3439 ‘incipiunt
1542 3353 1795 3440 ayitata
1840 3361 2213 3422 tumescere?

341 3465 664 3525 Fortasse
733 3461 1032 3541 singulis
1095 3462 1202 3525 his
1266 3461 1520 3542 figuris
1580 3469 1862 3543 praeter
1936 3461 2068 3526 alia
2123 3463 2439 3543 exempla
2489 3461 2763 3542 singula
2809 3458 3047 3538 Vergi-

340 3567 526 3629 liana
574 3565 844 3646 adiecit,
892 3581 1068 3645 quae
1115 3564 1430 3629 Isidorus
1475 3567 1626 3628 sola
1671 3565 1952 3630 videtur
1997 3567 2479 3647 exscripsisse.

550 3671 772 3733 Huius
815 3669 1034 3750 igitur
1076 3672 1405 3751 princeps
1453 3677 1693 3735 auctor
1738 3673 1810 3734 in
1856 3669 2107 3752 figuris
2156 3671 2635 3735 describendis
2682 3666 3048 3733 Cornelius

343 3776 587 3840 Celsus
635 3775 800 3838 mihi
849 3791 1000 3838 esse
1048 3775 1326 3838 videtur
1371 3783 1576 3854 atque
1624 3795 1780 3838 eum
1830 3795 1916 3839 ex
1965 3780 2093 3840 hoc
2126 3777 2355 3840 omnia
2385 3778 2737 3839 schemata
2768 3779 3047 3855 praeter

343 3898 440 3958 ea,
496 3897 673 3960 quae
730 3896 942 3958 supra
989 3879 1073 3942 ad
1122 3878 1616 3951 Quintilianum
1674 3880 2086 3958 rettulimus,
2144 3881 2579 3959 excerpsisse
2622 3879 2775 3941 veri
2822 3877 3047 3940 simile

342 4002 494 4048 esse
539 3991 726 4064 puto.

551 4087 687 4152 Sed
735 4091 1148 4152 exoriuntur
1203 4087 1656 4153 difficultates
1705 4088 2061 4170 quaedam,
2120 4108 2296 4170 quae
2343 4089 2816 4170 expediendae
2866 4095 3046 4152 sunt.

551 4193 863 4257 Primum
899 4211 1072 4272 quae
1104 4193 1421 4257 Isidorus
1455 4196 1539 4258 de
1575 4195 1975 4274 ‘inopinato’
2010 4197 2308 4275 scripsit,
2340 4195 2689 4257 adversari
2721 4194 3045 4256 videntur

341 4303 445 4377 iis,
512 4316 685 4378 quae
731 4298 1191 4371 Quintilianus
1257 4300 1342 4362 de
1391 4299 1569 4362 Celsi
1636 4301 2183 4362 ‘sustentatione'
2250 4301 2621 4362 memoriae
2666 4298 2897 4362 tradit.
2961 4299 3047 4360 At

342 4407 398 4466 si
445 4402 836 4468 accuratius
882 4420 1030 4465 rem
1064 4407 1620 4483 spectaverimuS,
1677 4405 1789 4468 vel
1837 4405 2011 4466 hanc
2058 4402 2362 4484 figuram
2412 4421 2497 4465 ex
2544 4401 2849 4465 Cornelii
2895 4403 3044 4464 rhe-

343 4511 564 4572 torica
611 4523 762 4571 esse
810 4510 1228 4587 exscriptam
1271 4514 1672 4571 statuemus.
1720 4511 1890 4572 Nam
1950 4508 2138 4588 quod
2173 4509 2447 4570 schema
2483 4508 2723 4571 Celsus
2758 4507 3047 4568 ‘susten-

341 4613 710 4676 tationem’
755 4615 1048 4688 vocavit,
1096 4618 1201 4674 est
1247 4613 1744 4692 ‘inopinatum’,
1792 4613 1979 4692 quod
2027 4612 2109 4677 fit
2156 4630 2283 4693 per
2324 4615 3043 4684 communicationem3

343 4735 561 4799 quare
607 4734 764 4780 eum
833 4721 1038 4780 etiam
1089 4717 1579 4797 ‘inopinatum‘,
1627 4718 1816 4796 quod
1864 4736 2001 4779 non
2036 4717 2121 4778 fit
2166 4735 2293 4797 per
2340 4717 3047 4792 communicationem,

341 4823 640 4902 figuram
695 4840 845 4888 esse
903 4825 1234 4886 statuisse
1289 4839 1721 4902 nequaquam
1781 4820 2189 4894 excluditur,
2256 4821 2577 4893 Fortasse
2632 4825 2701 4884 in
2758 4823 3043 4890 'susten-
