3567 5109
310 495 441 557 quo
490 475 627 539 iure
674 476 961 540 iustitiae
1010 497 1246 541 nomen
1293 477 1668 542 intrudatur
1713 500 1778 561 p.
1814 480 1940 543 134
1967 477 2050 544 O:
2101 482 2222 543 οὐκ
2259 482 2386 561 ἄρα
2424 483 2711 555 ἐξουσίαν
2749 507 2846 546 σοι
2884 485 3028 547 οὐδ’

307 583 511 665 ἀρχὴν
574 587 1124 665 παρασκευαστέον
1188 592 1401 667 σαυτῷ
1462 592 1661 649 ποιεῖν
1724 588 1816 649 ὅτι
1879 590 1958 649 ἂν
2010 588 2232 670 βούλῃ,
2295 588 2448 651 οὐδὲ
2501 596 2575 671 τῇ
2629 590 2822 663 πόλει,
2878 591 3036 653 ἀλλὰ

308 689 711 773 δικαιοσύνην
774 691 881 753 καὶ
946 684 1390 774 σωφροσύνην.
1481 689 1550 754 N
1553 690 1695 755 obis
1762 692 2028 775 quidem
2096 693 2376 775 scriptor
2441 694 2668 758 crebra
2731 694 3034 759 Platonis

306 794 621 859 librorum
668 796 967 875 lectione,
1017 818 1164 861 011111
1210 818 1529 880 persaepe
1576 800 1844 863 nomina
1898 799 2188 864 iustitiae
2236 807 2303 864 et
2349 800 2707 865 modestiae
2753 823 2888 865 una
2931 803 3030 865 in-

306 902 737 981 venirentur‚¹
794 903 1107 967 memoria
1159 904 1446 968 tenuisse
1504 925 1716 987 neque
1770 906 1840 969 in
1906 905 2032 969 hoc
2098 906 2246 971 1000
2305 906 2808 987 conscribendo,
2871 930 3030 973 num

304 1015 455 1090 apte
501 1017 921 1091 ponerentur,
966 1010 1479 1075 consideravisse
1526 1011 1802 1076 videtur.
1855 1010 1989 1076 Sed
2027 1010 2201 1076 hunc
2238 1011 2454 1077 locum
2492 1021 2722 1096 postea
2762 1035 3029 1079 accura-

302 1116 434 1178 tius
480 1115 929 1180 tractabimus

517 1221 846 1306 Quoniam
875 1223 1077 1304 igitur
1116 1244 1341 1287 omnes
1380 1231 1603 1306 partes
1643 1225 2069 1307 quaestioniS,
2119 1246 2277 1289 num
2305 1224 2695 1290 Alcibiades
2726 1225 3028 1308 dialogus

302 1350 343 1391 a
387 1327 667 1393 Platone
717 1328 1049 1411 profectus
1097 1331 1201 1409 sit,
1248 1331 1675 1395 tractavimus
1724 1338 1924 1415 atque
1973 1331 2191 1411 etiam,
2239 1338 2456 1396 utrum
2496 1332 2622 1395 viri
2662 1332 2857 1412 docti,
2905 1333 3025 1397 im-

301 1436 527 1517 primis
573 1437 640 1515 ii,
692 1438 803 1520 qui
854 1436 1187 1519 dialogum
1234 1438 1529 1519 spurium
1577 1459 1722 1501 esse
1758 1437 2085 1517 dixerunt,
2135 1445 2310 1503 recte
2351 1440 2734 1521 scriptorem
2773 1440 3026 1521 vitupe-

299 1543 590 1607 raverint
623 1564 853 1621 necne,
901 1543 1389 1626 perpendimus,
1431 1565 1600 1627 quae
1640 1544 1936 1609 adsecuti
1974 1566 2216 1624 sumus,
2257 1544 2568 1611 brevibus
2599 1546 3025 1628 comprehen-

300 1650 455 1713 dere
502 1650 693 1715 nobis
738 1650 951 1715 liceat.
1006 1650 1111 1714 Ne
1154 1651 1226 1715 in
1271 1673 1407 1715 una
1456 1651 1721 1734 quidem
1759 1673 1842 1715 ex
1877 1651 2088 1717 tribus
2125 1652 2256 1717 illis
2295 1653 2614 1735 partibuS,
2665 1652 2902 1735 quibus
2941 1653 3024 1716 de

300 1778 389 1819 ea·
426 1758 812 1840 quaestione
861 1758 1131 1840 egimuS,
1180 1779 1371 1822 verus
1418 1758 1613 1823 Plato
1660 1757 1852 1823 nobis
1901 1780 1970 1823 se
2020 1760 2328 1824 ostendit.
2421 1760 2756 1843 Imprimis
2805 1767 3023 1825 autem

297 1883 421 1927 nos
486 1862 906 1929 offenderunt
968 1886 1181 1929 mores
1229 1886 1377 1928 cum
1426 1862 1739 1945 SocratiS,
1807 1872 1948 1929 tum
1993 1863 2389 1945 Alcibiadis,
2458 1866 2695 1948 quibus
2745 1867 3022 1931 maxime

300 1971 625 2049 commoti,
682 1970 839 2036 licet
892 1978 1110 2036 cetera
1156 1972 1460 2054 scriptori
1508 1972 1978 2051 condonemus,
2029 1972 2362 2055 dialogum
2411 1995 2447 2037 a
2496 1973 2780 2039 Platone
2828 1972 3022 2038 abro-

298 2076 589 2158 gandum
636 2099 779 2142 esse
826 2100 1184 2142 censemus,

1195 2274 1297 2341 De
1344 2243 1726 2359 particulis
1773 2276 2122 2358 quaestu).

506 2434 880 2499 Novissimo
926 2433 1305 2517 inquirendi
1353 2441 1420 2498 et
1463 2433 1949 2516 pervestigandi
1997 2436 2331 2517 temporis,
2400 2455 2528 2517 quo
2577 2433 2816 2516 singuli
2865 2434 3017 2497 Pla-

293 2541 469 2605 tonis
524 2541 771 2624 dialogi
826 2542 1055 2625 scripti
1108 2542 1261 2620 sint,
1318 2562 1576 2623 genere,
1629 2540 1808 2623 quod
1857 2540 2120 2623 quidem
2178 2540 2649 2623 particularum
2695 2562 2819 2603 11811
2869 2540 3015 2603 dili-

293 2648 671 2729 gentissime
730 2647 1075 2713 observato
1134 2649 1527 2727 continetur,
1576 2645 1948 2711 Guilelmus
1995 2648 2504 2729 Dittenberger²
2560 2647 2809 2729 primus
2856 2668 3013 2709 usus

292 2760 407 2817 est.
502 2754 919 2839 Quamquam
974 2755 1488 2838 exspectandum
1544 2762 1690 2819 erat
1740 2776 1882 2834 eos,
1944 2756 2055 2838 qui
2112 2755 2194 2819 de
2242 2754 2544 2819 Platonis
2601 2752 3015 2835 dialogorum

292 2862 697 2943 temporibus
760 2862 1189 2945 inquirerent,
1255 2862 1477 2925 statim
1540 2862 1642 2941 iis,
1710 2883 1878 2944 quae
1925 2860 2396 2943 Dittenberger
2452 2860 2803 2924 adsecutus
2851 2868 3012 2937 erat,

290 2990 523 3033 usuros
580 2990 741 3049 0880,
799 2976 1021 3033 tamen
1068 2969 1363 3051 PeiperS,
1432 2969 1543 3052 qui
1593 2967 1852 3032 duobus
1910 2968 2098 3031 annis
2145 2974 2296 3050 post
2348 2966 2810 3047 „Ontologiam
2860 2965 3012 3029 Pla-

288 3076 615 3139 tonicam“
687 3075 915 3155 edidit,
979 3076 1051 3139 in
1114 3097 1175 3158 p.
1235 3078 1392 3141 606:
1476 3076 1671 3157 „quia
1733 3080 1868 3139 tam
1937 3074 2268 3153 di.versiS‚“
2338 3074 2576 3157 inquit,
2651 3072 2771 3151 „ab
2836 3071 3012 3135 illius

286 3182 833 3266 (Dittenbergeri)
897 3182 1265 3246 rationibus
1320 3182 1576 3260 utebar,
1644 3181 1944 3246 consulto
2001 3183 2071 3246 in
2119 3181 2348 3272 ordine
2399 3180 2807 3262 dialogorum
2857 3202 3009 3243 con-

288 3289 621 3353 stituendo
668 3311 805 3370 non
843 3292 1119 3371 respexi,
1168 3291 1296 3355 nisi
1335 3288 1513 3371 quod
1559 3288 1736 3352 illius
1778 3288 1858 3351 de
1899 3288 2244 3352 Theaeteti
2279 3294 2573 3369 tempore
2614 3288 3008 3350 sententiam

286 3396 671 3460 recordatus
746 3373 821 3461 eo
898 3398 1115 3461 minus
1191 3395 1484 3461 dubitavi
1558 3417 1707 3460 eum
1773 3394 2108 3477 dialogum
2175 3395 2566 3477 provectiori
2634 3393 3012 3476 philosophi

286 3504 491 3568 aetati
537 3502 972 3567 adscribere.“
1024 3503 1287 3568 Deinde
1330 3503 1655 3569 Christius
1702 3504 1773 3566 in
1824 3502 2008 3567 stud.
2047 3502 2217 3567 Plat.
2266 3523 2328 3584 p.
2369 3505 2453 3567 54
2500 3502 2685 3583 (506)
2735 3499 3008 3563 subtiles

286 3616 353 3673 et
415 3617 684 3693 argutas
740 3610 1005 3691 quidem
1052 3630 1193 3673 esse
1241 3610 1734 3691 Dittenbergeri
1794 3610 2214 3691 quaestiones
2263 3608 2581 3685 concedit,
2651 3606 2767 3670 sed
2813 3608 3006 3669 certis

285 3717 366 3780 de
416 3717 631 3781 causis
679 3718 943 3781 minime
981 3717 1063 3781 iis
1102 3738 1170 3779 se
1209 3738 1400 3779 usum
1437 3738 1584 3781 esse
1617 3714 2006 3798 profitetur.³
2055 3714 2312 3798 Quibus
2350 3715 2504 3777 viris
2533 3713 3005 3794 ignoscendum

286 3844 429 3887 esse
477 3830 805 3905 puta-mim,
875 3824 1187 3907 quoniam
1234 3844 1357 3887 usu
1404 3825 1601 3902 venit,
1660 3830 1736 3886 ut
1778 3844 2020 3886 novum
2069 3822 2339 3905 aliquod
2386 3841 2593 3903 genus
2643 3820 3004 3900 quaerendi

285 3931 493 4013 primo
542 3936 835 4013 tempore
884 3937 1073 3995 caute
1122 3952 1199 3994 ac
1255 3930 1480 3993 timide
1530 3931 1908 4012 accipiatur.
2000 3928 2128 3993 Illo
2187 3929 2361 3991 enim
2407 3934 2700 4009 tempore
2747 3926 2875 3989 nisi
2924 3926 3004 3987 de

283 4038 511 4119 paucis
576 4036 917 4119 particulis
983 4037 1402 4119 quaestiones
1477 4035 1642 4100 nihil
1708 4037 1777 4099 in
1837 4034 2172 4117 publicum
2231 4034 2592 4115 prodierat3
2662 4038 2998 4113 praeterea

282 4144 398 4208 uni
446 4145 817 4226 quaestioni
862 4144 1025 4207 fides
1072 4143 1299 4207 haberi
1346 4166 1482 4208 non
1522 4149 1761 4224 potest,
1813 4142 1928 4205 sed
1967 4141 2384 4224 quaestiones
2423 4140 2631 4220 magis
2662 4139 3001 4219 magisque

283 4257 513 4315 auctae
570 4252 849 4315 invicem
896 4272 963 4313 se
1012 4251 1354 4331 corrigent.
1446 4249 1589 4313 Nos
1638 4270 1979 4331 speramus
2026 4270 2160 4311 una
2210 4268 2358 4309 011111
2403 4245 2549 4310 aliis
2599 4245 3000 4327 argumentis

587 4396 694 4404 -ι

499 4464 516 4497 ¹
555 4464 735 4517 velut:
766 4463 937 4515 Meno
960 4462 1027 4515 73
1040 4462 1105 4529 Β,
1125 4461 1332 4515 Phaed.
1356 4461 1501 4527 8213,
1530 4460 1758 4530 Protag.
1782 4460 1886 4513 323
1900 4460 1970 4527 A,
1993 4460 2164 4526 Gorg.
2189 4458 2372 4525 5041),
2395 4458 2581 4521 519A,
2615 4454 2806 4507 confer
2837 4451 2998 4545 infra.

494 4569 515 4603 ²
552 4570 611 4622 in
648 4569 892 4623 Hermae
934 4569 1041 4621 vol.
1072 4568 1217 4621 XVI
1256 4587 1307 4637 p.
1339 4568 1436 4621 321
1483 4584 1631 4635 seqq.

495 4676 516 4709 ³
552 4676 673 4729 Hos
714 4677 866 4729 locos
906 4676 1097 4728 attulit
1138 4674 1217 4727 M.
1250 4674 1553 4728 Schanzius
1584 4675 1641 4725 in
1672 4674 2012 4742 quaestione,
2053 4690 2214 4739 quam
2247 4671 2313 4723 (10
2345 4670 2634 4738 particulis
2665 4670 2720 4721 in
2753 4668 2995 4721 Hermae

278 4769 317 4815 t.
360 4762 504 4817 XXI
541 4784 592 4833 p.
621 4766 727 4818 439
768 4784 917 4833 seqq.
957 4764 1221 4817 instituit.
2859 4824 2866 4829 ,

2779 4864 2842 4915 3*
