3567 5109
1683 322 2114 387 -38-

549 518 862 599 carmine
907 516 1204 597 grandia
1250 517 1584 597 mysteria
1629 518 1987 597 religionis
2034 516 2543 597 praedicantur,
2603 516 2681 581 in
2724 518 2858 579 hoc
2920 515 3261 579 miracula

531 623 895 707 ‚quaeda-m
943 630 1338 699 narrantur.
1389 623 1500 684 Me
1547 640 1716 685 vero
1764 622 1891 685 hac
1938 622 2008 687 in
2056 639 2133 683 re
2180 630 2321 684 n'on
2370 622 2755 701 quaesitam
2789 621 3257 683 subtilitatem

549 729 842 793 Paulino
909 727 1241 805 tribuere,
1308 745 1394 789 ex
1459 727 1609 790 aliis
1657 744 1935 807 quoque
1982 726 2152 791 locis
2200 742 2601 805 cognosces,
2644 744 2841 805 quos
2904 724 3116 787 modo
3168 724 3263 785 ad

547 852 696 897 rem
729 831 1178 913 probandam
1227 830 1558 895 adferam.
1603 831 1933 911 Legimus
1978 834 2166 895 enim
2211 831 2323 907 VI,
2372 837 2449 892 39
2500 849 2684 910 sqq.:

1031 1005 1038 1013 ‚
1102 967 1232 1007 ecce
1264 966 1484 1011 sacram
1503 958 1758 1017 propter
1794 954 2051 1005 caelestis
2090 952 2527 1003 nuntiusaram
2624 984 2632 994 „

1106 1042 1321 1092 adstitit
1356 1054 1423 1091 ac
1459 1073 2525 1093 .....................

1101 1142 1161 1179 se
1199 1128 1356 1179 caelo
1393 1128 1625 1185 missum
1663 1129 1938 1191 vultuque
1974 1128 2292 1189 habituque
2332 1128 2619 1191 probavit,

1106 1220 1225 1267 tum
1262 1220 1458 1267 sancta
1493 1212 1562 1265 in'
1590 1214 1731 1266 tales
1767 1216 1991 1267 laxavit
2026 1221 2261 1279 pectora
2298 1229 2483 1265 voces.

554 1320 803 1385 Gravis
865 1320 992 1384 Dei
1053 1322 1340 1385 nuntius
1431 1356 1510 1365 ——
1561 1321 1893 1401 spondeis
1966 1340 2049 1398 ,se
2110 1316 2279 1381 caelo
2357 1318 2633 1381 missum'
2710 1319 2878 1383 haec
2942 1318 3263 1399 gravit-as

553 1425 964 1513 designatur
1001 1459 1072 1470 -
1110 1426 1340 1513 primo
1381 1431 1666 1507 aspectu
1709 1425 2117 1506 agnoscitur
2151 1443 2189 1487 a
2224 1410 2559 1492 z'aclmria
2602 1414 2927 1504 —quod
2960 1421 3263 1500 dactylis

556 1531 976 1613 exprimitur
1055 1564 1158 1605 —·-,
1234 1532 1549 1610 sequitur
1622 1530 1865 1593 missio
1942 1530 2194 1605 divina,
2272 1530 2467 1593 cuius
2536 1531 2866 1609 gravitati
2928 1532 3261 1607 aptantur

553 1634 864 1715 spondei.
911 1634 1178 1698 Deinde
1214 1634 1298 1698 de
1331 1654 1381 1699 s,
1412 1634 1721 1699 Iohanne
1770 1636 2063 1715 angelus
2111 1636 2480 1698 cumulatis
2512 1633 2847 1715 spondeis
2878 1633 3049 1695 haec
3086 1630 3266 1693 dicit

543 1740 625 1803 'in‘
670 1759 733 1803 ν.
783 1746 862 1800 52
885 1733 1068 1820 sqqss:
1319 1736 1326 1741 “
1415 1734 1420 1740 ’

1127 1862 1399 1911 Nascetur
1436 1860 1642 1926 dignus
1680 1865 1836 1911 tanto
1873 1874 2149 1925 sponsore
2188 1862 2383 1912 beatus
2630 1919 2638 1925 ,

1129 1952 1550 2011 perpetuusque
1588 1962 1744 2011 puer,
1783 1949 1885 2012 qui
1922 1948 2109 2013 prImo
2146 1950 2411 2012 protinus
2448 1962 2589 1997 aevo

1079 2040 1082 2047 ’
1125 2039 1179 2085 te
1216 2036 1398 2085 maior
1432 2048 1621 2087 sacras
1657 2036 1873 2087 invicto
1909 2038 1969 2087 in
2009 2040 2236 2100 pectore
2272 2038 2425 2088 vires

1126 2158 2081 2176 ...................
2139 2124 2391 2175 habebit.

545 2246 728 2309 Tum
806 2248 995 2311 ratio
1060 2248 1482 2328 habitusque
1564 2248 1788 2311 sancti
1871 2246 2155 2311 Ioannis
2257 2248 2365 2309 his
2452 2247 2859 2329 depingitur
2932 2244 3263 2309 versibus

557 2350 708 2429 (249
757 2352 966 2432 sqq.):
2204 2360 2211 2366 ’

1874 2457 2220 2507 mirabimur
2256 2456 2432 2507 immo

1077 2545 1286 2595 rectius
1322 2545 1592 2595 invictum
1631 2546 1896 2608 nullique
1934 2543 2211 2595 imitabile
2248 2544 2426 2608 prisci

1078 2632 1400 2695 exemplum
1439 2632 1612 2683 saecli
1650 2637 2061 2696 transgressum
2101 2633 2355 2683 humana
2392 2631 2595 2682 labore

1075 2720 1502 2781 semideumque
1537 2720 1742 2783 virum,
1786 2722 1886 2783 qui
1927 2721 2056 2771 labe
2092 2720 2368 2771 immunis
2411 2720 2483 2770 ab
2524 2720 2679 2768 omni

1076 2808 1461 2871 praescripsit,
1499 2807 1635 2869 quid
1673 2821 1775 2858 nos
1810 2808 1905 2858 vel
1939 2812 2065 2873 post
2098 2812 2330 2871 peccata
2365 2808 2600 2858 deceret.

1079 2896 1150 2944 At
1182 2896 1479 2956 postquam
1516 2895 1791 2945 invictum
1824 2894 2065 2946 firmans
2102 2908 2204 2959 per
2226 2894 2381 2967 ‘talia
2421 2899 2661 2944 mentem

1077 2982 1262 3043 exegit
1298 2980 1521 3047 largum
1563 2987 1784 3044 tempus
1820 2984 2129 3045 statuitque
2165 2987 2392 3045 reperta
2430 3017 2441 3029 .
2483 3016 2494 3027 .

559 3090 930 3151 Praeterea
973 3086 1285 3151 imitatus
1335 3087 1532 3167 Verg.
1582 3089 1746 3151 Aen.
1799 3088 1909 3164 v1,
1960 3096 2079 3149 155
2130 3108 2219 3151 S.:

1290 3246 1304 3259 .
1328 3204 1354 3256 '.
1395 3248 1406 3258 .
1447 3244 1459 3256 .
1497 3246 1511 3259 .
1550 3210 1694 3259 dixit
1729 3224 2041 3274 pressoque
2078 3210 2362 3261 obmutuit
2397 3222 2493 3258 ore

1183 3297 1402 3347 Aeneas
1437 3302 1648 3347 maesto
1687 3298 1911 3348 defixus
1946 3298 2163 3348 lumine
2187 3297 2379 3348 vultus
2415 3333 2429 3345 .
2469 3333 2479 3345 .

561 3418 895 3481 Paulinus
942 3420 1028 3481 de
1078 3419 1412 3482 Zacharia
1462 3419 1631 3483 dicit
1679 3421 1787 3499 (99
1839 3422 1952 3499 s.):

1188 3524 1442 3586 dumque
1475 3525 1636 3587 cupit
1671 3536 1912 3575 narrare
1948 3537 2084 3576 suae
2122 3526 2400 3575 miracula
2436 3525 2592 3588 plebi

1189 3617 1427 3661 conatus
1463 3612 1677 3687 trustra
1716 3612 1909 3662 defixo
1948 3614 2235 3664 obmutuit
2270 3626 2384 3663 ore.

560 3731 874 3813 Denique
935 3735 1359 3823 virginitatis
1424 3738 1667 3801 beatae
1731 3738 1996 3799 Mariae
2070 3737 2473 3819 mysterium
2540 3742 2608 3799 et
2682 3735 3066 3799 nativitatis
3132 3734 3265 3796 Dei

562 3838 827 3916 grande
873 3840 1284 3903 miraculum
1333 3840 1440 3903 his
1487 3842 1851 3925 praedicat
1897 3842 2170 3905 verbis:

1189 3964 1318 4011 112:
1360 3964 1524 4025 virgo
1561 3960 1867 4014 inlibatum
1906 3966 2178 4015 servabat
2212 3969 2365 4015 casta
2402 3965 2701 4027 pudorem,

1189 4050 1290 4101 122
1327 4063 1395 4099 s.:
1435 4087 1714 4101 ......
1752 4064 1960 4114 corpus
1996 4056 2095 4103 tua
2132 4051 2351 4102 viscera
2388 4056 2676 4115 praestent

1401 4138 1506 4201 illi,
1547 4139 1648 4200 qui
1687 4138 1925 4217 caelum,
1964 4144 2163 4201 terras,
2200 4152 2374 4202 mare,
2410 4139 2601 4190 sidera
2638 4139 2784 4189 tecit.

561 4259 789 4321 Allata
839 4259 1196 4322 sufficient
1243 4260 1330 4323 ad
1376 4261 1732 4325 firmanda
1780 4281 1877 4339 ea,
1925 4282 2101 4344 quae
2149 4266 2535 4326 statuimus.

772 4365 946 4426 Tum
1021 4370 1294 4443 gratum
1355 4365 1575 4429 fuisse
1651 4367 1815 4430 huic
1890 4372 2139 4449 poetae
2220 4388 2359 4431 non
2424 4372 2651 4431 minus
2726 4372 2934 4446 atque
3010 4366 3267 4430 ceteris

564 4486 845 4531 versum
889 4468 1268 4545 heroicum,
1317 4472 1436 4551 qui
1484 4492 1522 4535 a
1569 4472 1845 4554 dactylo
1894 4474 2155 4554 incipit,
2205 4475 2410 4537 facile
2459 4490 2838 4552 cognosces
2885 4490 2970 4534 ex
3004 4490 3267 4550 magno

565 4591 854 4634 numero
899 4574 1152 4653 pedum
1200 4576 1733 4655 trisyllaborum
1781 4579 1854 4639 in
1902 4579 2185 4643 ineunte
2230 4597 2437 4641 versu
2487 4578 3011 4641 collocatorum.

609 4737 616 4749 ,
715 4723 722 4733 -
771 4676 997 4755 Atque
1071 4678 1140 4739 in
1171 4734 1176 4741 .
1205 4680 1444 4743 multis
1504 4681 1845 4758 versibuS,
1910 4682 2163 4761 quibus
2238 4688 2343 4745 est
2406 4701 2709 4745 caesura.
2753 4682 3267 4761 semiquinaria,

566 4779 914 4861 dactylum
961 4783 1033 4842 in
1082 4783 1310 4862 primo
1343 4785 1520 4864 pede
1552 4786 1861 4865 positum
1896 4788 2212 4866 sequitur
2246 4788 2617 4871 dactylus
2648 4791 2728 4851 in
2761 4788 2963 4867 pede
2997 4788 3263 4851 altero
