3567 5109
1651 252 2091 315 ...50-

517 448 1008 509 perscrutatus
1054 465 1206 508 sum
1256 463 1522 520 versuS,
1589 464 1764 523 quos
1829 463 1915 506 ex
1962 445 2319 507 nonnullis
2374 447 2598 524 poetis
2648 442 2890 517 adfert,
2964 444 3235 506 inveni-

519 570 652 631 que
719 570 802 613 ex
855 558 974 611 163
1041 550 1399 631 exempliS‚
1465 568 1640 629 quae
1703 550 1969 612 formae
2036 557 2113 615 3.,
2164 555 2237 625 4.,
2287 558 2359 623 5.,
2410 558 2466 610 6.
2514 549 2937 625 adnumerat,
2990 552 3110 610 122
3158 552 3234 611 in

520 657 696 736 pede
762 655 1008 734 quarto
1075 662 1190 717 aut
1253 656 1518 718 finitam
1577 654 1905 717 exhibere
1975 672 2213 717 vocem
2282 661 2397 716 aut
2463 656 2757 734 (Lucret.
2824 653 2873 731 Ι,
2926 660 3045 715 658
3110 673 3237 722 ree-3

521 762 633 838 1v,
711 764 831 822 245
911 758 1130 835 inter-3
1217 759 1328 833 IV,
1409 766 1528 819 994
1610 758 1733 839 im)
1811 758 2009 821 verbi
2093 758 2463 838 compositi
2545 760 2851 837 priorem
2940 762 3237 837 partem,

525 884 700 944 quae
765 872 869 928 est
932 866 1386 945 praepositio;
1455 866 1525 925 in
1574 863 1897 926 versibus
1944 869 2189 937 autem,
2255 864 2373 941 qui
2424 863 2549 925 hac
2595 864 2932 925 incisione
2980 868 3237 936 carent,

525 971 934 1050 plerumque
981 969 1146 1031 satis
1193 969 1640 1049 perspicuum
1689 986 1858 1044 esse,
1908 986 2041 1045 qua
2074 968 2159 1029 de
2208 986 2411 1030 causa
2458 968 2662 1047 poeta
2708 968 2891 1029 illam
2936 966 3235 1029 formam

527 1079 936 1153 aspernatus
985 1075 1072 1135 sit
1122 1073 1231 1151 (cf.
1281 1071 1463 1135 infra
1511 1092 1571 1152 p.
1624 1064 1748 1150 565.

738 1177 954 1250 Quam
1022 1180 1268 1240 miram
1335 1177 1857 1238 similitudinem
1906 1194 2068 1238 casu
2115 1184 2341 1239 natam
2391 1194 2544 1239 esse
2591 1176 2758 1238 mihi
2812 1176 3241 1256 persuadere

533 1301 673 1345 non
721 1299 1024 1362 possum.
1090 1280 1318 1353 Quare
1366 1286 1604 1343 contra
1651 1281 1721 1341 L.
1771 1280 2183 1343 Muellerum
2252 1281 2417 1359 (vid.
2462 1282 2611 1342 eius
2656 1280 2910 1342 librum
2968 1300 3033 1359 p.
3080 1280 3238 1357 216)

535 1393 602 1451 et
650 1392 891 1450 contra
936 1387 1107 1465 Aug.
1153 1384 1744 1465 Engelbrechtum
1818 1386 1928 1462 (cf.
1976 1380 2171 1445 Serta
2222 1380 2603 1445 Has-celiano
2648 1402 2711 1463 p.
2762 1389 2881 1445 296
2934 1385 3015 1463 s.)
3082 1402 3241 1446 cum

537 1492 781 1553 Guilm.
847 1490 1126 1569 Meyero
1145 1489 1192 1566 ¹)
1260 1489 1601 1551 diaeresin
1666 1488 2119 1551 bucolicum
2184 1489 2319 1550 illis
2384 1488 2453 1550 in
2520 1490 2837 1551 versibus
2882 1506 3244 1552 caesuram

535 1594 1116 1657 subsidiariam
1167 1599 1468 1655 statuere
1515 1590 1713 1655 malo,

743 1698 883 1761 Iam
936 1698 1309 1775 quaeritur,
1358 1716 1531 1775 quae
1579 1699 1669 1759 sit
1717 1699 1784 1759 in
1836 1698 1941 1759 his
1987 1698 2309 1759 versibus
2358 1714 2671 1759 caesura:

951 1835 1160 1900 XVIII,
1200 1838 1327 1886 107:
1368 1848 1610 1897 corpore
1649 1848 1776 1897 nos;
1816 1836 2153 1897 animaeque
2190 1836 2434 1897 potentis
2469 1836 2706 1899 spiritus
2740 1836 2876 1897 illic,

955 1921 1164 1982 XVIII,
1203 1924 1330 1973 263:
1369 1923 1714 1985 increpitans
1750 1924 2057 1984 miscetque
2094 1922 2383 1985 precantia
2425 1924 2599 1973 verba
2636 1923 2923 1984 querellis.

539 2046 706 2109 Nam
757 2047 817 2107 si
852 2050 1044 2107 recta
1091 2062 1164 2107 se
1228 2045 1434 2108 habet
1495 2046 1818 2124 Meyeri2)
1870 2047 2209 2107 sententia
2272 2063 2619 2107 caesuram
2683 2048 3247 2125 semiquinariam

541 2149 650 2211 his
681 2151 751 2211 in
785 2148 1108 2211 versibus
1139 2156 1534 2211 statuemus.
1571 2148 1708 2211 Sed
1757 2149 2041 2212 uberius
2074 2150 2159 2211 de
2200 2150 2325 2211 hac
2357 2169 2433 2211 re
2482 2168 2763 2227 agamus
2810 2168 3091 2213 necesse
3124 2159 3252 2212 est.

752 2253 1254 2332 Complectitur
1323 2255 1560 2333 Meyer
1627 2272 1819 2317 suam
1886 2254 2269 2317 doctrinam
2336 2256 2442 2317 his
2507 2256 2777 2317 verbis:
2830 2255 2945 2317 ‘Es
2993 2257 3081 2317 ist
3126 2274 3250 2316 un-

543 2359 981 2437 bcstreitbar‚
1029 2358 1186 2420 dass
1235 2358 1420 2421 diese
1469 2358 1820 2421 Enklitika
1870 2358 2237 2437 (intellegit
2284 2359 2471 2439 ‘que')
2522 2360 2647 2421 mit
2694 2360 2850 2421 dem
2896 2360 3115 2433 Wort,
3162 2378 3253 2420 an

544 2466 666 2527 das
715 2466 812 2525 sie
861 2464 1251 2541 angehangt
1295 2463 1487 2539 wird,
1535 2466 1606 2525 in
1653 2463 1878 2526 vielen
1925 2463 2305 2526 tausenden
2355 2481 2493 2525 von
2528 2462 2762 2525 Fiillen
2810 2464 3255 2526 verschmilzt

548 2567 689 2631 und
735 2569 859 2629 mit
907 2568 1304 2631 demselben
1369 2569 1470 2630 als
1536 2570 1646 2631 ein
1695 2568 1895 2631 Wort
1942 2566 2312 2630 behandelt
2356 2567 2547 2630 wird.
2594 2568 2740 2630 Wie
2796 2568 2975 2631 viele
3020 2570 3253 2630 waren

547 2678 746 2736 sonst
790 2670 1026 2747 falsch,
1073 2670 1304 2734 indem
1355 2690 1407 2733 z.
1457 2671 1527 2734 B.
1577 2672 1686 2735 die
1739 2680 1791 2733 5.
1841 2671 2144 2751 Hebung
2183 2672 2348 2753 (vgl.
2380 2653 2731 2753 tactuinque
2760 2671 2995 2751 varen)
3029 2672 3255 2734 Wort-

547 2778 812 2839 schluss
862 2774 1097 2838 bilden
1143 2776 1408 2838 wiirde!
1463 2776 1710 2846 Allein‚
1759 2778 1886 2838 wie
1934 2778 2005 2839 in
2052 2776 2361 2839 seltenen
2400 2775 2637 2839 Fiillen
2683 2776 2871 2839 diese
2904 2775 3255 2839 Enklitika

549 2883 712 2959 lang
743 2878 1126 2959 gebraucht
1153 2879 1346 2955 wird,
1395 2898 1473 2941 so
1509 2879 1619 2941 bei
1653 2881 1929 2959 einigen
1963 2880 2291 2941 Dichtern
2340 2882 2511 2941 auch
2544 2880 2645 2942 als
2678 2879 3258 2959 selbststandiges

550 2988 764 3047 Wort.
812 2982 951 3045 Der
989 2986 1247 3046 Beweis
1293 2984 1463 3062 liegt
1509 2986 1579 3047 in
1627 2984 2071 3063 Folgendem.
2117 2985 2221 3046 Im
2256 2984 2681 3048 klassischen
2714 2984 3135 3047 Hexameter
3167 2987 3257 3046 ist

553 3109 624 3152 cs
672 3088 937 3162 Gesetz,
986 3087 1144 3149 dass
1192 3088 1300 3150 die
1348 3088 1702 3151 weibliche
1736 3089 1993 3153 Caesur
2038 3091 2129 3149 im
2168 3094 2222 3149 3.
2256 3088 2430 3151 Fuss
2464 3090 2591 3152 mit
2622 3090 2787 3151 zwei
2820 3089 3259 3153 mannlichen

555 3195 902 3257 Caesuren
948 3195 1040 3255 im
1091 3196 1146 3254 2.
1195 3194 1337 3256 und
1385 3200 1440 3255 4.
1489 3194 1666 3257 Fuss
1712 3194 2122 3256 verbunden
2172 3196 2318 3256 sein
2367 3213 2576 3257 muss.
2627 3196 2826 3258 Diese
2876 3196 3088 3275 Regel
3144 3196 3262 3256 hat

557 3300 787 3361 Lucan
835 3300 906 3361 in
959 3303 1120 3359 1543
1171 3298 1432 3361 Versen
1479 3317 1618 3362 von
1671 3306 1837 3359 8060
1885 3304 2125 3378 streng
2168 3299 2594 3363 beobachtet.
2640 3300 2785 3361 Nur
2817 3302 2888 3362 in
2924 3308 2956 3361 5
2994 3300 3261 3362 Versen

557 3405 824 3465 scheint
887 3420 965 3465 er
1027 3402 1214 3464 diese
1281 3403 1495 3483 Regel
1559 3405 1849 3466 verletzt
1918 3423 1999 3465 zu
2064 3403 2318 3466 haben:
2387 3406 2438 3483 1,
2511 3408 2661 3479 1243
2734 3410 2889 3480 3573
2958 3405 3047 3477 Π.
3096 3412 3257 3479 459;

561 3508 708 3583 VII,
745 3512 900 3581 1883
939 3511 1093 3582 7423
1145 3508 1215 3568 in
1249 3506 1486 3569 diesen
1520 3508 1778 3571 Versen
1815 3507 1986 3570 fehlt
2018 3508 2128 3570 die
2162 3508 2419 3571 Caesur
2453 3511 2623 3570 nach
2658 3508 2783 3571 der
2830 3515 2886 3568 2.
2920 3508 3255 3587 Hebung:

559 3613 762 3675 allein
809 3614 879 3673 in
928 3610 1161 3674 diesen
1213 3618 1245 3671 5
1295 3612 1557 3674 Versen
1605 3614 1778 3675 wird
1828 3613 1936 3675 die
1986 3614 2313 3692 Senkung
2369 3614 2494 3675 der
2542 3614 2945 3677 weiblichen
2994 3612 3261 3676 Caesur

562 3718 780 3779 durch
848 3719 1002 3797 ‘que’
1067 3717 1395 3795 gebildet.
1461 3718 1627 3780 Also
1692 3721 1782 3781 ist
1860 3720 2017 3799 ‘que’
2095 3721 2195 3781 als
2266 3718 2841 3797 selbststandigen&
2901 3718 3098 3781 Wort
3175 3739 3261 3782 zu

563 3822 948 3885 behandeln
1013 3822 1154 3883 und
1220 3825 1290 3883 in
1356 3823 1592 3885 diesen
1642 3824 1902 3885 Versen
1970 3823 2353 3886 mannliche
2422 3823 2680 3887 Caesur
2745 3827 3260 3888 anzunehmen.‘

562 3928 824 3991 Deinde
904 3928 991 3989 ad
1084 3928 1564 3991 stabiliendam
1645 3931 1817 3992 hanc
1895 3931 2117 4009 legem
2198 3929 2426 3993 adfert
2510 3930 3003 3993 nonnullorum
3099 3932 3259 4010 poe—

563 4042 784 4097 tarum
851 4050 1114 4109 versus,
1182 4036 1296 4111 qui
1347 4039 1578 4095 essent
1640 4035 1898 4111 vitiosi,
1960 4038 2092 4096 nisi
2142 4052 2423 4097 caesura
2464 4034 2803 4097 incideret
2857 4044 3012 4097 ante
3059 4055 3263 4101 vocu-

566 4141 698 4202 lam
767 4139 941 4219 ‘que’.
1036 4137 1224 4209 Quos
1288 4156 1552 4216 versus,
1623 4147 1696 4200 ut
1761 4142 1991 4202 omnia
2036 4138 2307 4202 facilius
2356 4141 2883 4221 perspiciantur,
2932 4142 3264 4203 hocloco

567 4243 906 4307 adferam:

783 4474 818 4530 ¹)
856 4471 981 4520 vid.
1006 4472 1462 4535 disputationem,
1493 4482 1638 4532 quae
1667 4470 2028 4522 inscribitur:
2067 4470 2200 4521 ‘Zur
2226 4472 2551 4521 Geschichte
2591 4473 2687 4523 des
2722 4470 3113 4533 griechischen
3150 4473 3275 4521 und

569 4558 936 4609 lateinischen
991 4556 1368 4608 Hexameters’
1424 4556 1757 4619 (Sitzungsb.
1818 4558 1870 4609 d.
1910 4558 1963 4607 k.
2004 4559 2057 4607 b.
2099 4555 2405 4608 Akademie
2462 4559 2564 4607 der
2601 4556 3067 4607 wissenschaften
3118 4558 3277 4619 1884,

569 4645 664 4708 VI,
704 4658 756 4707 p.
801 4646 970 4703 1057).
2616 4668 2623 4673 ·

783 4732 822 4795 2)
861 4734 894 4783 1.
933 4735 969 4785 1.
1008 4748 1061 4799 p.
1105 4736 1252 4787 1045.
