3567 5109
1714 287 2201 349 *182-

591 497 879 581 feram?,·
922 496 1133 561 solum
1178 519 1293 562 ne:
1338 499 1464 562 537
1514 498 1633 562 ubi
1676 499 1967 562 habitat?
2017 500 2174 564 urbe·
2226 502 2543 583 ayt-one&
2605 498 2886 581 denique
2941 503 3208 562 utrum
3270 549 3284 561 .
3343 549 3356 560 .

590 625 675 668 ‘ne
714 655 729 668 .
776 655 787 668 .
834 655 848 668 .
900 625 1013 668 ne:
1067 604 1198 668 479
1248 605 1376 669 Sed
1417 611 1647 668 utrum
1695 612 1982 670 termene
2027 611 2259 687 motae,
2305 607 2644 670 sonitu-sne
2687 604 2984 688 inferam
3020 605 3366 689 pen-usit

592 713 849 792 aures?,
879 731 960 774 ex
980 731 1109 794 quo
1140 710 1287 775 loco
1319 712 1670 795 scriptores
1700 718 1930 776 utrum
1955 732 2320 795 pronomen
2347 731 2490 775 esse
2519 711 2803 775 sensisse
2831 712 3358 793 cognoscimus.

804 816 951 881 Iam
996 817 1391 883 infinitivi
1436 839 1625 882 usum
1672 819 2089 902 attingamus,
2157 819 2272 902 qui
2327 838 2461 883 non
2507 817 2784 882 multum
2829 819 2980 882 novi
3026 818 3360 901 praebet.

594 922 889 988 Primum
936 945 1083 989 cum
1128 923 1447 989 infinitivo
1497 925 1913 989 consociatur
1957 924 2015 988 P
2036 927 2120 990 75
2157 927 2382 990 callere
2421 927 2566 1008 (per
2605 923 2976 1007 analogiam
3013 925 3354 1006 sciendi),

594 1026 883 1095 P365<³>
926 1033 1320 1116 comprecari
1372 1031 1588 1114 (valde
1646 1031 1937 1110 dubium,
1995 1052 2148 1097 nam
2203 1031 2385 1097 locus
2441 1029 2840 1117 mendosus),
2884 1030 2942 1094 P
2964 1033 3118 1110 166,
3181 1031 3350 1103 213,

592 1137 659 1201 A
683 1139 833 1216 447,
881 1139 1011 1203 474
1047 1139 1332 1224 dignare,
1379 1138 1437 1202 P
1460 1140 1586 1202 154
1623 1139 1864 1222 fatisci,
1901 1138 2121 1204 A294
2150 1139 2437 1224 piqrare.
2487 1137 2840 1203 Praeterea
2877 1157 3352 1202 commemoro

591 1244 650 1307 P
670 1245 751 1308 31
784 1245 1095 1329 proloqui
1129 1247 1421 1330 (proloyo
1458 1243 1636 1328 libri)
1670 1267 1810 1310 ‘non
1839 1246 2284 1330 paenitebunt,
2321 1266 2490 1329 quae
2519 1244 2892 1310 emendatio
2921 1243 3080 1308 mihi
3113 1265 3350 1328 prope

593 1357 775 1416 certa
818 1351 1092 1430 videtur,
1158 1353 1282 1416 etsi
1327 1359 1579 1416 cert-um
1626 1358 1992 1416 structurae
2039 1352 2408 1436 exemplum
2455 1350 2688 1417 Cicero
2736 1350 2997 1415 demum
3044 1351 3348 1434 praebet

592 1457 917 1541 (Draeger
964 1457 1039 1523 11
1085 1461 1270 1542 350);
1340 1481 1420 1524 ex
1474 1457 1796 1524 similibus
1851 1460 2028 1524 enim
2083 1459 2294 1524 verbis
2342 1459 2549 1524 P144
2586 1459 2784 1544 met,
2822 1460 3046 1543 pudet,
3093 1457 3172 1522 A
3198 1461 3341 1522 317

580 1567 962 1650 perdoliscit
1002 1565 1359 1631 infinitivus
1406 1564 1668 1650 pendet.
1715 1566 2095 1631 Terentium
2143 1573 2404 1632 secutus
2447 1567 2770 1650 imperare
2808 1587 2956 1629 cum
2988 1564 3339 1630 infinit-ivo

592 1672 803 1736 iunxit
828 1672 1078 1738 Accius
1107 1675 1294 1758 (385)
1322 1675 1513 1758 sigma
1544 1725 1557 1738 .
1591 1695 1818 1738 canere
1845 1696 1921 1738 ac
1960 1676 2082 1738 tela
2109 1675 2186 1738 ob
2214 1674 2470 1738 moenia
2496 1673 2728 1756 offerre
2761 1673 3045 1757 imperat
3077 1671 3170 1754 (P
3189 1674 3336 1736 332

594 1780 877 1864 imperat
946 1832 959 1845 .
1014 1831 1029 1846 .
1084 1831 1097 1846 .
1151 1830 1168 1846 .
1216 1787 1295 1844 ut
1338 1827 1356 1845 .
1402 1783 1820 1864 deducerem).
1913 1779 2194 1865 Propter
2249 1779 2714 1845 inconcinnam
2760 1779 3330 1844 constructionem

592 1885 818 1951 adfero
865 1885 933 1951 A
954 1889 1083 1953 290
1138 1888 1325 1952 ‘nobis
1378 1889 1575 1952 datur
1628 1889 1797 1952 bona
1845 1909 2063 1972 pausa
2111 1888 2412 1972 loquendi
2459 1889 2468 1972 Ι
2523 1887 2920 1970 Tempu-sque
2972 1887 3048 1950 in
3101 1893 3330 1950 castra

590 1993 849 2057 revorti.
899 1992 1064 2058 Post
1108 1993 1490 2072 locutiones,
1544 1993 1770 2076 quales
1819 2001 1972 2058 sunt
2014 1995 2200 2079 copia
2234 1999 2343 2075 est,
2393 1999 2644 2078 tempus
2681 1995 2896 2074 datur,
2937 1992 3097 2070 sim„
3137 2001 3324 2056 utra-

596 2120 723 2182 que
760 2105 1091 2166 structura
1128 2099 1425 2164 adhiberi
1463 2099 1649 2165 licuit
1683 2102 1906 2185 itaque
1945 2101 2161 2185 priore
2200 2101 2269 2164 in
2307 2099 2596 2164 membro
2625 2099 2808 2164 iuxta
2835 2098 3324 2164 substantivum

593 2206 985 2289 gerundium
1046 2209 1334 2290 positum
1402 2215 1517 2286 est,
1578 2209 1649 2273 in
1714 2207 1922 2272 altero
1978 2207 2420 2272 intercedente
2479 2205 2734 2270 obiecto
2789 2205 3172 2271 infinitivus.
3235 2243 3315 2252 -—-

595 2311 1127 2378 Accusativus
1194 2337 1338 2379 cum
1404 2313 1745 2393 infinitim,
1813 2313 1900 2379 ad
1956 2335 2146 2396 quem
2201 2314 2674 2398 progredimur,
2738 2321 2892 2396 post
2954 2314 3108 2378 velle
3165 2312 3314 2396 pari

592 2419 885 2485 subiecto
936 2441 1194 2505 quoque
1243 2429 1459 2487 exstat
1503 2421 1559 2486 P
1580 2423 1683 2500 23,
1728 2420 1796 2486 A
1820 2426 1888 2500 53
1953 2423 2110 2486 item
2157 2421 2402 2504 pendet
2447 2443 2526 2485 ex
2577 2421 2860 2498 verendo,
2923 2420 3046 2485 etsi
3093 2421 3316 2484 timere

592 2525 796 2591 valet:
837 2526 1043 2592 A157
1081 2527 1271 2612 Hem,
1308 2551 1527 2593 vereor
1552 2531 1712 2614 plus
1749 2551 1948 2613 quam
1984 2528 2091 2612 fas
2127 2535 2222 2592 est
2255 2529 2580 2613 captivam
2617 2527 2874 2592 hiscere.
2927 2525 3124 2610 Quod
3162 2547 3309 2590 vero

590 2633 891 2699 Ribbeck
935 2633 1002 2699 A
1032 2656 1128 2718 pr.
1152 2637 1233 2700 19
1298 2637 1525 2699 Visum
1569 2642 1665 2700 est
1704 2637 1782 2700 in
1817 2637 2065 2700 somnis
2093 2641 2422 2720 pastorem
2463 2634 2470 2718 Ι
2509 2636 2598 2700 ad
2633 2655 2729 2699 me
2765 2635 3076 2719 adpellere
3115 2633 3308 2697 etiam

590 2741 801 2804 za‘clem'
844 2741 1211 2806 accusativo
1262 2763 1408 2806 cum
1462 2740 1780 2806 infinitivo
1843 2741 2115 2820 ornavit,
2184 2741 2306 2806 etsi
2351 2742 2420 2804 in
2467 2740 2652 2805 libris
2691 2747 2920 2826 pastor
2982 2739 3305 2816 scribitur,

592 2847 873 2930 probare
918 2867 1055 2911 non
1098 2869 1385 2931 possum.
1432 2846 1711 2932 Aliquid
1756 2847 2072 2932 praesidii
2122 2845 2382 2931 quidem
2431 2847 2797 2913 Ribbeckio
2845 2845 3120 2930 praebet
3165 2845 3308 2910 Ter.

591 2952 806 3019 Andr.
847 2957 974 3021 796
1020 2957 1097 3020 in
1141 2957 1261 3020 hac
1304 2957 1622 3021 habitasse
1658 2957 1880 3040 platea
1935 2958 2244 3020 dictumst
2294 2955 2686 3036 Chry-salem,
2749 2953 2864 3018 sed
2911 2952 3308 3018 monendum

594 3068 693 3126 est
738 3061 807 3125 in
852 3059 1041 3125 libris
1086 3081 1219 3126 non
1266 3060 1497 3140 solum,
1565 3061 1635 3126 id
1684 3063 1858 3145 quod
1907 3083 2102 3145 saepe
2149 3061 2380 3138 evenit,
2445 3081 2562 3143 pro
2615 3081 2766 3124 -nm
2809 3065 2908 3125 est
2953 3059 3310 3124 secundum

591 3169 1189 3250 pronuntiationem
1241 3175 1400 3250 met,
1448 3190 1669 3233 verum
1718 3174 1917 3232 etiam
1963 3190 1996 3232 e
2039 3168 2366 3233 contrario
2405 3167 2513 3230 hic
2552 3164 2687 3231 illic
2722 3167 2792 3230 in
2832 3166 3096 3250 optimis
3133 3163 3307 3230 codi-

595 3272 779 3336 cibus
844 3274 1023 3339 velut
1082 3276 1150 3339 in
1208 3275 1431 3340 Plauti
1478 3275 1922 3340 Ambrosiano
1995 3281 2208 3338 -umst
2259 3295 2378 3358 pro
2442 3295 2558 3338 -us
2611 3279 2706 3337 est
2749 3273 3068 3356 scriptum
3113 3291 3252 3335 esse
3274 3271 3310 3334 ¹.

590 3378 901 3444 Praestat
943 3381 1143 3462 igitur
1189 3404 1334 3446 cum
1383 3381 1743 3447 editoribus
1784 3381 2120 3447 Ciceronis
2166 3381 2637 3445 nominativum
2667 3385 2898 3464 pastor
2934 3378 3210 3443 retinere
3249 3383 3314 3439 et

592 3487 875 3550 visam-st
905 3488 975 3550 in
1006 3489 1214 3552 visust
1247 3496 1499 3554 mutare
1516 3490 1555 3552 ².
1588 3527 1671 3537 —-
1702 3488 2140 3554 Accusativus
2171 3486 2466 3565 subiecti,
2492 3494 2566 3551 ut
2593 3486 2764 3550 hanc
2792 3506 2930 3550 rem
2959 3484 3310 3557 absolvam,

592 3593 875 3657 omissus
906 3599 1007 3657 est
1032 3593 1090 3657 P
1114 3597 1259 3672 118,
1292 3597 1441 3674 226,
1482 3597 1793 3661 inusitate
1833 3595 1903 3659 in
1939 3594 2069 3659 fine
2113 3595 2438 3659 enuntiati
2467 3600 2568 3658 est
2598 3591 2958 3658 collocatus
2986 3591 3056 3656 A
3082 3612 3179 3674 pr.
3209 3592 3310 3654 22.

1692 3826 1760 3893 2.
1809 3825 2218 3892 Parataxis.

804 3984 950 4050 Iam
1016 4007 1285 4069 magnas
1352 3993 1417 4050 et
1483 3986 1809 4051 interdum
1876 3991 2212 4050 contortas
2280 3983 2896 4068 comprehensiones
2956 3982 3314 4046 Pacuvium

593 4091 1001 4174 Acciumque
1040 4093 1383 4158 adamasse
1414 4093 1516 4157 vel
1545 4115 1625 4157 ex
1652 4092 1948 4158 frustulis
1983 4092 2301 4174 dispicere
2341 4111 2721 4175 possumus:
2762 4090 3094 4173 specimen
3125 4109 3308 4172 prae·

592 4197 778 4290 bent:
818 4198 1171 4279 P86-93,
1216 4202 1586 4281 244-246,
1628 4201 2002 4279 326—330,
2045 4199 2419 4276 366-373,
2451 4199 2824 4274 411-416,
2857 4194 3308 4272 Α209-213,

595 4307 967 4386 391-402,
1016 4326 1111 4388 pr.
1148 4309 1428 4387 16—28,
1480 4309 1767 4372 29-38.
1815 4306 1980 4372 Inde
2030 4304 2330 4383 efficitur,
2379 4311 2454 4368 ut
2498 4304 2863 4368 sententiae
2902 4322 3049 4367 raro
3089 4303 3312 4366 nativa

808 4518 824 4551 ¹
864 4516 987 4585 Qua
1024 4517 1091 4570 de
1132 4534 1189 4570 re
1226 4535 1278 4569 ν.
1310 4516 1574 4582 Leonem,
1616 4515 2022 4570 ‘Plautinische
2063 4515 2490 4585 Forschungen’
2529 4533 2583 4584 p.
2613 4515 2733 4580 253,
2775 4511 2903 4566 adn.
2931 4513 2982 4566 2.

806 4605 827 4640 ²
870 4607 1123 4658 Alterum
1171 4606 1488 4672 exemplum
1538 4605 1781 4658 eiusdem
1833 4606 2109 4670 licentiae,
2165 4603 2316 4672 quod
2363 4605 2570 4672 legitur
2617 4604 2724 4654 inc.
2773 4603 2880 4654 inc.
2919 4599 3031 4654 fab.
3063 4603 3096 4654 5
3141 4605 3313 4652 malet·

585 4695 825 4758 arae-ida
860 4711 1058 4763 parere
1094 4711 1149 4746 se
1186 4693 1462 4746 ardentem
1506 4693 1684 4758 facem
1718 4696 1725 4761 Ι
1773 4693 1905 4746 Visa
1950 4697 2026 4745 est
2071 4693 2136 4744 in
2171 4691 2382 4745 somnis
2421 4691 2655 4757 Hecuba,
2693 4689 3026 4744 Buecheleri
3065 4689 3314 4756 speciosa

593 4784 917 4836 coniectura
946 4797 1144 4849 parere
1180 4798 1243 4832 ex
1278 4798 1334 4833 se
1371 4781 1651 4833 sublatum
1691 4785 1792 4833 est.

3459 1 3516 749 i

3516 1791 3526 2092 ἱ
