3567 5109
373 1346 430 1423 I.
492 1345 752 1425 Num
809 1343 1282 1425 Iuvenalis
1330 1342 1691 1424 Latinis
1745 1341 2307 1424 rhetoribus
2355 1341 2523 1442 qui
2575 1346 3085 1438 vocantur,

1221 1465 2025 1548 adnumerandus
2078 1466 2231 1546 sit.

585 1731 686 1793 De
715 1728 1117 1792 rhetoribus
1167 1731 1426 1792 Latinis
1470 1747 1646 1809 quos
1676 1735 1947 1803 vocant,
1982 1731 2250 1809 primus
2271 1729 2582 1790 omnium
2604 1734 2920 1792 accurate
2941 1728 3087 1806 egit

377 1834 486 1896 Fr.
534 1834 865 1897 Marxius.
882 1834 931 1912 ¹)
1005 1834 1298 1896 Exstant
1359 1835 1541 1895 enim
1589 1834 1676 1896 de
1721 1834 1825 1896 eis
1879 1849 2105 1913 pauca
2154 1832 2453 1911 quidem,
2500 1833 2623 1895 sed
2670 1835 3086 1912 gravissima

378 1941 794 2003 testimonia.
877 1938 1054 2001 Nam
1121 1938 1364 2002 Cicero
1432 1938 1516 2001 de
1580 1938 1696 2003 Or.
1761 1937 1865 2002 ΙΙΙ
1913 1945 2168 1998 93—95
2235 1937 2307 2001 L.
2355 1937 2686 2002 Crassum
2734 1946 3087 2002 oratorem

377 2064 560 2108 anno
608 2051 684 2105 91
737 2051 1034 2108 exeunte
1081 2047 1245 2106 haee
1295 2044 1636 2106 dicentem
1683 2043 1924 2124 fingit:

578 2145 818 2210 Rerum
879 2156 968 2210 est
1031 2145 1198 2210 silva
1263 2167 1514 2232 magna,
1579 2167 1772 2229 quam
1840 2167 1978 2208 cum
2030 2143 2267 2208 Graeci
2324 2145 2455 2207 iam
2519 2165 2645 2207 non
2690 2154 2971 2208 tenerent
3016 2145 3086 2210 ob

374 2273 634 2339 eamque
701 2273 957 2316 causam
1001 2252 1304 2314 iuventus
1347 2259 1570 2314 nostra
1616 2249 1969 2314 dedisceret
2006 2271 2217 2334 paene
2262 2247 2585 2328 discenda,
2620 2251 2814 2312 etiam
2844 2249 3085 2328 Latini,

368 2357 428 2420 si
489 2356 592 2420 dis
643 2357 883 2443 placet,
928 2355 1042 2420 hoc
1103 2357 1354 2418 biennio
1417 2355 1706 2440 mayistri
1767 2353 2029 2418 dicendi
2070 2356 2474 2424 eaestiterunt:
2518 2377 2675 2438 quos
2719 2377 2827 2439 eqo
2873 2377 3091 2419 censor

371 2459 572 2524 edicto
617 2483 750 2524 meo
793 2459 1198 2541 sustuleram,
1257 2482 1382 2524 non
1429 2483 1568 2544 quc,
1639 2469 1704 2522 ut
1759 2461 1971 2524 nescio
2018 2481 2169 2544 quos
2213 2458 2423 2522 dicere
2470 2457 2745 2538 aiebant,
2792 2460 2947 2524 aeui
2988 2461 3087 2524 in-

369 2565 561 2650 qenia
607 2563 1114 2629 adulescentium
1157 2563 1406 2644 nollem,
1453 2563 1563 2628 sed
1608 2575 1828 2628 contra
1872 2565 2131 2649 inqenia
2162 2563 2421 2628 obtundi
2448 2564 2657 2644 nolui,
2701 2565 3096 2627 corroborari

376 2669 856 2754 impudentia-m.
923 2668 1097 2732 Nam
1161 2669 1348 2754 apud
1415 2669 1714 2750 Graecos,
1783 2668 2169 2732 cuicuimodi
2227 2678 2449 2748 essent,
2524 2669 2809 2733 videbam
2884 2680 3089 2732 tamen

381 2797 507 2838 esse
543 2785 810 2860 praeter
861 2775 1024 2838 hanc
1074 2774 1588 2838 effrenationem
1649 2775 1909 2860 linquae
1955 2775 2312 2838 doctrinam
2355 2774 2638 2858 aliquam
2688 2783 2749 2838 et
2795 2775 3090 2838 humani-

383 2889 570 2944 tatem
615 2879 874 2965 diqnam
917 2881 1218 2947 scientia:
1263 2880 1372 2942 hos
1418 2902 1561 2944 vero
1607 2902 1800 2944 noros
1844 2881 2174 2967 maqistros
2218 2879 2387 2942 nihil
2434 2878 2869 2964 intellegebam
2904 2901 3091 2963 posse

377 2983 614 3066 docere,
661 2984 796 3047 nisi
836 2994 906 3046 ut
949 2983 1284 3066 auderent;
1331 2984 1506 3072 quod
1548 2987 1738 3048 etiam
1783 3007 1923 3048 cum
1969 2984 2147 3047 bonis
2190 2984 2378 3048 rebus
2422 2985 2825 3048 coniunctum
2860 3005 2987 3069 per
3028 3006 3092 3047 se

383 3091 586 3173 ipsum
651 3099 739 3152 est
802 3111 1175 3176 magnopere
1206 3089 1612 3176 fuqiendum.
1661 3089 1797 3154 Hoc
1848 3113 1985 3154 cum
2031 3111 2228 3153 unum
2278 3087 2645 3154 traderetur
2691 3098 2746 3153 ct
2792 3112 2926 3151 cum
2978 3091 3091 3152 im-

372 3193 718 3277 pudentiae
769 3192 954 3257 ludus
997 3203 1169 3274 esset,
1208 3196 1450 3280 putavi
1491 3217 1616 3258 esse
1664 3196 1962 3276 censoris,
2011 3215 2089 3257 ne
2139 3194 2387 3279 lonyius
2429 3193 2499 3258 id
2544 3203 2837 3279 saperet,
2873 3194 3091 3279 provi·

378 3296 540 3364 dere.
625 3297 1023 3383 Quamquam
1073 3321 1200 3362 non
1246 3300 1396 3362 haec
1442 3301 1538 3362 ita
1583 3310 1793 3363 statuo
1836 3311 2021 3384 atque
2069 3299 2356 3379 decernO,
2401 3309 2471 3361 ut
2515 3299 2835 3385 desperem
2865 3299 3093 3362 Latine

375 3423 472 3480 ea,
503 3401 578 3463 de
611 3403 838 3490 quibus
866 3402 1354 3488 disputavimus,
1387 3403 1562 3470 tradi
1580 3427 1660 3468 ac
1675 3405 1995 3490 perpoliri
2004 3427 2029 3483 ,·
2048 3404 2310 3490 patitur
2328 3407 2494 3467 eni-m-
2527 3415 2583 3467 et
2618 3404 2841 3489 linqua
2871 3413 3091 3468 nostra

375 3515 432 3568 et
495 3516 732 3570 natura
795 3530 1008 3572 rerum
1070 3517 1333 3572 veterem
1396 3508 1583 3572 illam
1647 3507 2176 3597 excellentemque
2230 3509 2647 3595 prudentiam
2698 3507 3088 3574 Graecorum

376 3609 463 3674 ad
507 3621 790 3675 nostrum
853 3636 1037 3676 usum
1098 3635 1446 3698 moremque
1492 3616 1841 3700 transferri
1848 3639 1871 3684 ‚·
1914 3613 2028 3677 sed
2072 3612 2428 3676 hominibus
2473 3637 2633 3699 opus
2676 3623 2765 3676 est
2808 3614 3093 3694 eruditis,

347 3718 489 3802 'qui
530 3717 744 3781 adhuc
791 3721 858 3780 in
905 3717 1018 3781 hoc
1065 3717 1322 3806 quidem
1364 3741 1584 3804 yenere
1611 3721 1835 3782 ‘nostri
1875 3719 2049 3783 nulli
2076 3721 2395 3806 fuerunt;
2439 3719 2541 3782 sin
2590 3719 2845 3806 quando
2891 3723 3091 3783 exsti-

380 3823 592 3902 terint,
637 3824 830 3885 etiam
879 3821 1146 3886 Graecis
1190 3833 1378 3887 erunt·
1424 3824 1874 3910 anteponendi.
1922 3829 2151 3906 Atque
2212 3827 2534 3903 edictum,
2584 3845 2724 3905 quo
2774 3826 3095 3890 rhetores

376 3929 606 3992 Latini
669 3948 755 3993 ex
819 3931 996 3993 urbe
1063 3934 1260 3995 eiecti
1329 3939 1509 4010 sunt,
1574 3935 1927 4013 reperitur
1995 3935 2177 4012 apud
2227 3933 2632 3996 Suetonium
2680 3932 2764 3994 de
2812 3934 2985 3994 rhet.
3038 3940 3093 4007 1,

379 4039 576 4098 cuius
639 4039 854 4100 verba
904 4037 1168 4101 Gellius
1215 4039 1334 4100 XV
1387 4047 1462 4100 11
1534 4039 1665 4102 hoc
1713 4039 1921 4103 modo
1970 4038 2209 4102 tradit:
2277 4035 2740 4098 Renuntiatum
2785 4042 2876 4097 est
2920 4034 3095 4096 nobis

375 4159 504 4200 esse
551 4139 852 4218 homines,
898 4140 1009 4227 qui
1055 4162 1286 4204 novum
1326 4163 1526 4224 yenus
1573 4140 1960 4226 disciplinae
2006 4143 2438 4216 instituerunt,
2485 4138 2571 4201 ad
2605 4161 2758 4227 quos
2802 4138 3096 4202 iuventus

374 4244 444 4305 in
513 4241 733 4306 ludum
796 4245 1156 4323 conveniat;
1218 4267 1322 4308 eos
1385 4246 1510 4309 sibi
1571 4268 1793 4310 nomen
1856 4246 2232 4331 imposuisse
2298 4244 2559 4308 Latinos
2620 4245 2907 4307 rhetoras
2919 4269 2939 4313 ,·
3002 4244 3097 4306 ibi

375 4349 655 4410 homines
717 4349 1229 4415 adulescentulos
1291 4353 1419 4414 dies
1481 4360 1637 4414 totos
1683 4351 1984 4416 desidere.
2050 4351 2335 4414 Maiores
2382 4351 2615 4428 nostri,
2660 4372 2817 4434 quae
2868 4348 3097 4412 liberos

376 4474 524 4515 suos
567 4452 809 4518 discere
855 4464 912 4518 et
957 4478 1110 4540 quos
1155 4457 1224 4518 in
1261 4455 1443 4520 ludos
1489 4459 1653 4518 ita-re
1698 4455 1945 4524 vellent.
1992 4457 2427 4521 instituerunt.
2473 4453 2652 4517 Haec
2696 4475 2883 4530 nora,
2936 4475 3096 4542 quae

372 4566 630 4641 praeter
690 4559 1204 4623 consuetudinem
1271 4584 1348 4622 ac
1415 4584 1647 4624 morem
1712 4563 2023 4624 maiorum
2072 4560 2273 4642 fiunt,
2337 4582 2537 4647 neque
2574 4557 2839 4644 placent
2902 4581 3095 4642 neque

385 4701 799 4712 .-——-——-—.-.—„

595 4791 630 4850 ¹)
671 4790 706 4839 1.
746 4803 787 4840 s,
825 4804 865 4840 s.
907 4805 958 4852 p.
1003 4795 1092 4840 141
1120 4805 1240 4853 sqq.

2786 4872 2885 4924 11*
