3567 5109
1467 304 1908 367 „83—

320 512 682 594 sophorum
754 519 1117 596 praecepta
1190 519 1506 596 percepta
1579 513 1828 579 habere
1902 514 2238 593 audierat,
2313 535 2554 597 magna
2627 519 3045 581 veneratione

322 618 852 703 prosequebatur
870 620 909 683 ¹.

538 725 671 791 Sed
720 726 899 809 quod
946 731 1010 793 61
1054 748 1203 792 011111
1249 727 1385 793 alia
1430 736 1572 793 tum
1618 726 2094 811 discipulorum
2138 726 2410 794 licentia
2457 726 2865 811 Carthagine
2915 730 3046 793 dis-

322 831 631 915 plicebat,
678 832 1113 899 suadentibus
1156 837 1387 899 amicis
1432 834 1716 901 Romam
1762 839 1858 901 ire
1909 834 2214 901 decrevit.
2267 834 2524 901 Romae
2570 839 2743 899 enim
2788 834 3044 918 legibus

323 944 645 1005 statutum
711 946 878 1020 erat,
942 946 1021 1006 ut
1082 946 1511 1024 magistratus
1575 940 1826 1023 publici
1889 940 2363 1025 discipulorum
2429 941 2650 1007 studia
2705 947 2774 1007 et
2827 963 3044 1009 mores

321 1046 827 1112 moderarentur
839 1048 885 1111 ².
978 1048 1078 1113 At
1130 1052 1235 1111 vix
1290 1068 1367 1113 eo
1424 1054 1717 1128 venerat,
1774 1069 1924 1113 cum
1978 1053 2052 1113 in
2106 1048 2408 1115 morbum
2473 1068 2737 1130 gravem
2789 1049 3042 1116 incidit.

319 1152 403 1217 In
478 1154 677 1219 domo
746 1154 1130 1219 Manichaei
1204 1154 1547 1220 cuiusdam
1622 1154 2022 1223 decumbens
2096 1154 2650 1223 Manichaeorum
2725 1160 3040 1223 societate

320 1260 587 1343 quidem
625 1282 785 1326 usus
822 1268 941 1341 est,
992 1263 1110 1327 sed
1135 1261 1387 1345 placita
1424 1284 1655 1327 eorum
1690 1262 2070 1345 respuebat.
2115 1261 2407 1329 Maxime
2444 1282 2600 1328 vero
2637 1266 2700 1327 ei
2736 1263 3042 1329 doctrina

320 1367 875 1435 Academicorum
922 1368 1253 1451 placebat,
1304 1373 1417 1453 qui
1462 1374 1813 1435 veritatem
1860 1373 2124 1435 omnino
2171 1372 2449 1435 inveniri
2495 1389 2711 1451 pos-se,
2760 1390 2908 1437 cum
2959 1370 3040 1435 de

320 1474 621 1540 omnibus
668 1475 867 1541 rebus
914 1482 1141 1559 posset
1185 1476 1499 1555 dubitari,
1550 1476 2056 1559 desperabant&

530 1581 739 1648 Haud
788 1582 899 1649 diu
946 1586 1263 1665 magister
1309 1582 1563 1648 Romae
1612 1587 1874 1649 mansit.
1958 1582 2134 1651 Nam
2188 1582 2304 1648 ubi
2351 1582 2688 1649 convaluit
2732 1590 2799 1649 et
2845 1584 3037 1649 disci-

316 1687 507 1771 pulos
554 1710 957 1773 congregare
1007 1694 1244 1772 coepit,
1292 1712 1373 1755 ne
1421 1690 1529 1753 hic
1575 1690 1844 1773 quidem
1893 1688 2352 1754 adulescentes
2400 1694 2496 1754 eis
2543 1690 2840 1757 moribus
2893 1712 3036 1757 esse

314 1796 639 1881 cognovit,
708 1796 945 1879 quibus
1000 1818 1115 1861 eos
1172 1816 1317 1861 esse
1372 1796 1684 1879 cupiebat
1701 1797 1749 1859 ⁴.
1843 1796 2084 1881 Itaque
2149 1817 2298 1861 cum
2361 1796 2896 1863 Mediolanenses
2953 1799 3039 1864 ad

314 1900 805 1985 Symmachum,
870 1903 1287 1987 praefectum
1349 1902 1553 1981 urbis,
1608 1902 1866 1985 legatos
1922 1907 2270 1982 misissent,
2331 1907 2444 1989 qui
2500 1924 2652 1969 eum
2705 1914 3038 1989 rogarent,

314 2015 389 2073 ut
446 2012 695 2074 civitati
752 2010 1013 2075 dicendi
1068 2014 1383 2093 magister
1442 2009 1749 2089 daretur,
1811 2008 2228 2093 Augustinus
2293 2009 2419 2075 hoc
2483 2030 2718 2077 munus
2785 2011 3036 2077 ambire

314 2120 565 2181 statuit.
659 2115 811 2200 Qua
864 2120 933 2181 in
980 2138 1051 2181 16
1100 2138 1249 2183 011111
1296 2138 1447 2183 611111
1502 2120 1698 2185 amici
1743 2116 2127 2183 Manichaei
2172 2116 2582 2181 adiuvissent
2635 2123 2836 2203 atque
2893 2122 3033 2201 ipse

315 2224 627 2303 dictione,
697 2245 899 2308 quam
964 2246 1187 2289 coram
1253 2222 1645 2309 Symmacho
1720 2223 1986 2303 habuit,
2063 2231 2322 2289 ceteros
2391 2223 2688 2291 rhetores
2753 2230 3033 2305 vicisset,

310 2330 511 2397 facile
588 2329 672 2396 ab
748 2330 875 2396 hoc
947 2336 1345 2415 impetravit,
1418 2339 1495 2396 ut
1566 2330 2021 2397 Mediolanum
2096 2329 2358 2395 dicendi
2431 2336 2745 2415 magister
2817 2337 3032 2397 mitte-

308 2444 495 2501 retur
508 2436 552 2501 ⁵.

522 2544 676 2611 Hac
740 2548 810 2609 in
877 2544 1039 2609 urbe
1105 2542 1520 2629 Augustinus
1595 2548 1814 2609 omnia
1890 2545 1977 2608 ad
2048 2543 2313 2609 beatam
2388 2548 2588 2609 vitam
2660 2548 3034 2611 necessaria

310 2650 559 2717 habuit.
665 2650 945 2717 Munere
1015 2655 1188 2717 enim
1251 2650 1539 2717 rhetoris
1604 2654 1769 2717 satis
1833 2671 2110 2733 magnas
2175 2672 2332 2733 opes
2397 2649 2522 2717 sibi
2588 2653 3029 2735 comparavit3

310 2762 603 2824 oratoria
660 2764 883 2823 autem
936 2756 1133 2823 laude
1190 2762 1286 2823 ita
1340 2757 1585 2837 floruit,
1643 2764 1717 2824 ut
1762 2758 1947 2822 brev-i
1992 2758 2174 2823 fama
2221 2779 2429 2841 usque
2479 2759 2564 2823 ad
2611 2764 3030 2843 imperatoris

310 2886 504 2931 aures
576 2870 951 2949 perveniret
1020 2870 1325 2949 ipseque,
1390 2871 1467 2929 ut
1529 2886 1757 2931 coram
1829 2869 2226 2947 imperatore
2303 2869 2671 2930 orationem
2734 2865 3028 2945 haberet,

309 2977 753 3037 arcesseretur
776 2972 821 3035 ⁶.
913 2971 1119 3037 Horis
1176 2972 1719 3037 antemeridianis
1766 2992 2014 3036 corona
2061 2975 2457 3054 optimorum
2513 2966 3026 3037 adulescentium

310 3077 721 3161 cingebatur,
790 3082 904 3161 qui
959 3099 1038 3143 ex
1094 3082 1236 3143 eius
1303 3099 1416 3144 ore
1474 3077 1652 3143 velut
1705 3098 1787 3142 ex
1844 3075 2114 3142 oraculo
2179 3083 2359 3141 recte
2425 3084 2492 3141 et
2554 3098 2700 3141 vere
2769 3079 3030 3144 dicendi

308 3188 477 3251 viam
532 3184 947 3269 quaerebant
959 3183 1005 3265 ⁷,
1058 3184 1242 3249 horis
1308 3184 1842 3269 postmeridianis
1895 3188 2052 3249 viris
2119 3183 2544 3251 nobilissimis
2607 3182 3029 3251 familiariter

302 3290 635 3371 utebatur,
692 3290 1079 3377 quibuscum
1136 3292 1217 3357 de
1272 3290 1691 3377 philosophia
1747 3291 2096 3373 disputans
2157 3297 2416 3377 tempus
2481 3291 2757 3357 terebat.
2851 3292 3028 3359 Nam

302 3397 604 3466 nonnulli
670 3402 867 3464 amici
922 3420 1003 3465 ex
1058 3395 1291 3463 Africa
1356 3420 1515 3465 eum·
1569 3402 1779 3463 secuti
1844 3404 2024 3477 sunt,
2089 3397 2268 3463 velut
2321 3396 2634 3483 Alypius,
2701 3404 2814 3483 qui
2881 3422 3026 3465 cum

304 3525 385 3568 ex
440 3504 695 3584 eodem,
753 3526 883 3589 quo
932 3503 1351 3587 Augustinus
1408 3512 1593 3571 ortus
1650 3509 2030 3588 municipiO,
2080 3505 2458 3589 Thagastae
2506 3514 2573 3570 et
2617 3505 3023 3591 Carthagine

301 3608 497 3674 huius
564 3609 926 3693 discipulus
990 3611 1250 3691 fuisset,
1320 3610 1402 3677 ab
1468 3612 1700 3677 60116111
1762 3612 2018 3677 Romae
2085 3616 2385 3676 inventus
2445 3618 2511 3676 et
2566 3612 3024 3679 Mediolanum

302 3716 663 3798 perductus
710 3718 865 3783 6618.

514 3822 710 3889 Alter
754 3827 1027 3903 amicus,
1075 3844 1205 3907 quo
1248 3823 1661 3905 Augustinus
1708 3824 2220 3891 familiarissime
2269 3824 2599 3904 utebatur,
2648 3825 2714 3891 N
2717 3826 3022 3907 ebridiuS,

299 3928 535 3994 relicta
598 3929 1003 4013 Carthagine
1070 3928 1527 3997 Mediolanum
1598 3939 1897 4011 venerat,
1973 3938 2048 3997 ut
2111 3953 2260 3997 cum
2323 3931 2704 4014 Augustino
2777 3937 3025 3999 viveret

296 4035 806 4119 flagrantissimo
882 4036 1101 4101 studio
1176 4038 1473 4101 veritatis
1557 4042 1753 4121 atque
1841 4042 2208 4121 sapientiae
2291 4038 2596 4103 incensus
2619 4040 2662 4103 ⁹.
2763 4039 3024 4105 Aderat

302 4164 559 4227 quoque
608 4142 1085 4223 RomanianuS,
1132 4143 1229 4207 vir
1278 4144 1638 4209 ditissimus
1688 4152 1886 4227 atque
1932 4145 2305 4227 Augustino
2357 4144 2438 4209 ab
2487 4149 2755 4210 ineunte
2801 4154 3019 4211 aetate

297 4247 851 4315 familiarissimus
879 4250 945 4316 ¹⁰.
1030 4248 1167 4314 Sed
1229 4254 1563 4333 inquietus
1631 4255 1888 4315 animus
1943 4251 2304 4335 Augustini
2369 4272 2582 4337 neque
2649 4252 2898 4317 divitiis
2956 4260 3022 4319 et

295 4354 659 4421 honoribus
730 4377 943 4442 neque
1020 4356 1354 4435 omnibus,
1429 4346 1667 4440 qu'ibus
1740 4356 2106 4436 fruebatur,
2180 4357 2730 4425 delectationibus
2804 4380 3018 4444 neque

296 4466 491 4545 copia
556 4467 917 4529 amicorum
981 4466 1211 4529 satiari
1248 4469 1525 4547 poterat.
1620 4464 1797 4529 Nam
1871 4464 2192 4530 haerebat
2263 4468 2484 4531 animo
2558 4466 2764 4545 dolor,
2843 4468 3020 4549 quod

512 4708 532 4743 1
580 4710 828 4764 Confess.
874 4710 964 4765 1v
1013 4711 1097 4779 13,
1147 4712 1231 4765 14.
1288 4743 1355 4751 -
1416 4710 1437 4745 2
1482 4711 1537 4765 v
1583 4712 1633 4765 s.
1692 4744 1759 4751 -
1818 4710 1840 4745 ³
1877 4710 1933 4763 v
1975 4712 2057 4767 ιο.
2114 4744 2180 4751 -
2240 4712 2262 4745 ⁴
2301 4712 2356 4765 v
2396 4712 2480 4766 12.
2538 4745 2604 4751 -
2664 4712 2686 4745 ⁵
2723 4684 2776 4766 *v
2817 4714 2900 4769 13.
2951 4746 3016 4753 -

298 4793 320 4829 ⁶
357 4795 441 4849 v1
478 4798 530 4853 6.
572 4830 635 4837 -
678 4798 699 4833 τ
736 4798 822 4852 vl
862 4800 945 4854 11.
986 4832 1053 4840 -
1094 4799 1117 4834 ε
1154 4800 1237 4854 VI
1279 4800 1470 4855 7-11,
1512 4832 1577 4839 -
1618 4798 1641 4834 ⁹
1677 4798 1765 4853 VI
1807 4800 1889 4855 10.
1929 4832 1998 4841 -
2041 4798 2084 4835 ²⁰
2122 4799 2208 4855 vi
2250 4802 2353 4855 14..

2803 4910 2865 4965 6.
