3567 5109
1676 268 2118 332 -66-

538 505 791 549 morum
856 489 921 547 et
988 482 1325 546 doctrinae
1392 480 1745 544 Persarum
1804 479 2240 561 descriptione
2299 478 2634 560 probatur,
2703 478 3026 561 imprimis
3089 478 3284 560 quod

539 612 769 673 regum
816 590 1001 671 pueri
1048 594 1187 652 arte
1236 588 1511 671 magica,
1562 606 1730 668 quae
1774 586 2006 650 eadem
2043 592 2380 667 tamquam
2421 586 2746 667 sapientia
2784 606 2928 649 esse
2967 584 3278 668 fingitur,

538 696 621 761 ab
688 697 917 761 eodem
984 696 1297 776 magistro
1362 694 1845 758 instituuntur.¹
1937 690 2008 757 Si
2065 692 2267 775 igitur
2321 712 2426 756 ars
2485 694 2758 775 magica,
2818 693 3006 755 cuius
3065 690 3274 756 Plato

539 824 867 885 nusquam
907 802 1303 865 mentionem
1342 800 1521 877 facit,
1560 800 1627 863 in
1666 820 1938 864 numero
1980 804 2291 881 quattuor
2328 798 2586 863 illarum
2617 797 2930 862 virtutum
2960 797 3272 862 Platoni-

537 930 783 987 carum,
832 914 907 972 ut
950 908 1047 972 ita
1095 908 1328 985 dicam,
1378 906 1674 985 habetur,
1726 906 2009 987 scriptor
2055 906 2195 970 sine
2245 904 2442 969 dubio
2483 926 2560 969 eo
2599 910 2894 987 tempore
2934 902 3080 981 fuit,
3131 927 3272 986 quo

540 1014 947 1083 Graecorum
996 1035 1209 1078 mores
1258 1036 1333 1077 ac
1378 1014 1679 1079 doctrina
1718 1020 1783 1078 et
1819 1012 2248 1077 barbarorum
2286 1018 2622 1095 tamquam
2662 1011 3273 1094 compensabantur

538 1130 607 1189 et
652 1121 1240 1205 coaequabantur.²

754 1228 917 1293 Ideo
968 1248 1115 1291 cum
1163 1233 1411 1291 certum
1462 1248 1603 1290 esse
1643 1233 1947 1308 putemus
1987 1223 2402 1289 Alcibiadem
2441 1226 2726 1306 priorem
2763 1231 2918 1306 post
2952 1224 3266 1288 Platonis

541 1342 815 1401 mortem
864 1335 1307 1417 conscriptum
1355 1354 1519 1413 esse,
1568 1333 1777 1397 altera
1827 1334 2033 1396 oritur
2079 1333 2376 1414 quaestio
2419 1330 2623 1395 multo
2663 1330 3012 1409 difficilior,
3051 1352 3266 1413 usque

539 1444 629 1507 ad
668 1463 866 1524 quam
911 1440 1103 1505 nobis
1154 1440 1684 1505 descendendum
1723 1440 1812 1504 sit
1849 1446 2150 1503 aetatem.
2197 1438 2448 1503 Iterum
2485 1458 2632 1501 cum
2673 1436 2926 1502 Cobeto
2965 1437 3266 1502 libellum

538 1554 947 1633 perveterem
994 1568 1139 1612 esse
1185 1553 1513 1628 putamuS,
1564 1567 1711 1609 cum
1756 1567 1840 1610 ne
1889 1545 2374 1629 Aristophanes
2431 1545 2692 1627 quidem
2745 1544 2952 1609 ullam
3008 1544 3266 1609 fraudis

540 1655 981 1738 suspicionem
1028 1654 1417 1735 conceperit.

757 1760 1173 1844 Quamquam
1238 1760 1555 1842 temporis
1621 1759 1885 1837 indicia,
1955 1760 2034 1823 de
2092 1758 2326 1840 quibus
2382 1780 2574 1823 nemo
2633 1756 2906 1836 dubitet,
2964 1759 3264 1822 invenire

538 1889 673 1933 non
702 1888 1071 1950 possumuS‚
1111 1872 1335 1931 tamen
1362 1888 1567 1931 unum
1604 1865 2082 1948 protulerimus
2129 1864 2212 1930 In
2243 1863 2388 1929 Alc.
2419 1887 2477 1947 p.
2503 1864 2705 1930 116D
2737 1866 2912 1929 enim
2943 1866 3264 1947 scriptum

537 1975 842 2056 legimus:
910 1974 999 2037 Εἰ
1037 1973 1153 2037 οὖν
1198 1999 1283 2045 τις
1328 1976 1635 2037 ἀνίσταται
1690 1974 2188 2055 συμβουλεύσων
2241 1976 2355 2037 εἴτε
2391 1974 2747 2055 Ἀθηναίοις
2791 1975 2906 2035 εἴτε
2951 1972 3262 2055 Πεπαρη-

538 2084 719 2155 θίοις,
768 2084 1057 2163 οἰόμενος
1103 2083 1466 2163 γιγνώσκειν
1504 2081 1575 2143 τὰ
1616 2082 1824 2143 dinam
1872 2082 1978 2143 καὶ
2023 2081 2096 2143 τὰ
2141 2080 2348 2151 ἄδικα,
2396 2080 2582 2162 φήσει
2629 2080 2687 2141 δ’
2732 2080 2884 2141 εἶναι
2928 2080 3002 2141 τὰ
3051 2080 3262 2142 δίκαια

538 2190 708 2253 κακὰ
756 2190 961 2261 ἐνίοτε,
1009 2188 1159 2251 ἄλλο
1204 2212 1257 2251 τι
1302 2192 1341 2270 ἢ
1389 2187 1790 2269 καταγελῴης
1827 2189 1904 2249 ἂν
1941 2188 2154 2258 αὐτοῦ,
2186 2236 2198 2249 .
2231 2236 2242 2248 .
2276 2211 2322 2261 .,·
2371 2183 2546 2250 Sane
2595 2184 2857 2266 quidem
2897 2184 3261 2248 conceden-

541 2296 697 2359 dum
752 2299 852 2357 est
905 2292 1046 2357 fieri
1100 2314 1313 2376 posse,
1372 2300 1449 2356 ut
1502 2292 1699 2356 verba
1752 2290 1871 2356 illa
1924 2295 2038 2356 εἴτε
2073 2293 2430 2375 Ἀθηναίοις
2485 2295 2598 2356 εἴτε
2645 2292 3084 2375 Πεπαρηθίοις
3141 2312 3262 2373 pro

538 2401 767 2483 ignota
824 2400 1110 2481 quadam
1168 2406 1363 2481 gente
1420 2398 1749 2482 proverbii
1805 2397 1952 2463 loco
2018 2400 2236 2482 posita
2293 2398 2442 2476 sint,
2502 2420 2900 2480 quamquam
2955 2398 3264 2479 equidem

538 2506 793 2572 nullum
831 2506 1047 2571 locum
1084 2508 1419 2589 cognitum
1464 2504 1696 2584 habe0,
1738 2526 1868 2587 quo
1908 2505 2318 2589 Peparethus
2358 2506 2492 2569 sive
2533 2504 2788 2569 incolae
2827 2506 2922 2569 sic
2959 2507 3262 2587 usurpati

544 2613 1009 2678 inveniant-ur.³
1099 2613 1399 2691 Accedit,
1450 2612 1629 2694 quod
1672 2614 1955 2694 scriptor
2011 2612 2353 2695 periodum
2399 2614 2494 2676 sic
2541 2611 3004 2677 conformavit:
3071 2612 3160 2677 Εἰ
3193 2664 3204 2675 .
3249 2666 3263 2675 .

540 2723 847 2785 ἀνίσταται
894 2720 1116 2803 (indic.
1154 2722 1393 2803 praee.)
1441 2722 1955 2803 συμβουλεύσων,
1997 2771 2008 2783 .
2050 2771 2062 2783 .
2103 2770 2116 2783 .
2154 2723 2340 2803 φήσει
2385 2720 2604 2801 (indic.
2646 2717 2809 2801 fut),
2857 2720 3266 2802 καταγελῴης

538 2828 649 2905 ἅν,·
706 2827 762 2891 si
810 2826 1083 2909 periodo
1131 2825 1249 2891 illa
1294 2832 1633 2909 tamquam
1681 2826 1980 2909 exemplo
2029 2827 2126 2891 uti
2172 2826 2503 2904 voluisset,
2554 2827 2762 2909 magis
2812 2833 3260 2907 exspect-ares:

538 2934 629 2997 Εἰ
652 2985 665 2997 .
698 2985 709 2997 .
740 2936 1043 2998 ἀνίσταιτο
1073 2936 1627 3017 συμβουλεύ(σ)ων
1648 2984 1660 2997 .
1693 2984 1705 2996 .
1736 2940 1804 2997 et
1831 2938 1985 3017 φαίη
2017 2933 2150 2997 sive
2178 2936 2412 3017 φήσειε,
2441 2933 2618 3015 quod
2648 2932 3008 2997 Schneider
3037 2932 3264 2997 voluit.

539 3038 633 3105 Ut
660 3040 965 3103 brevibus
998 3039 1231 3119 verbis,
1264 3060 1433 3123 quae
1465 3040 1680 3105 dicere
1712 3039 1878 3119 volO,
1911 3040 2328 3121 complectar,
2361 3041 2744 3122 scriptorem
2775 3046 3021 3103 certam
3053 3060 3260 3122 quan-

540 3145 696 3209 dam
734 3168 872 3209 rem
910 3147 1311 3227 spectavisse
1351 3152 1531 3228 puto,
1572 3168 1739 3228 quae
1782 3146 1913 3211 alio
1953 3154 2246 3229 tempore
2277 3168 2422 3211 esse
2449 3168 2587 3212 non
2625 3148 2860 3231 potuit,
2901 3168 3100 3229 quam
3129 3170 3260 3228 quo

540 3251 984 3317 Athenienses
1015 3254 1397 3335 gravissime
1436 3254 1905 3335 premebantur
1936 3261 2001 3318 et
2029 3253 2572 3337 Peparethiorum
2608 3253 2826 3319 insula
2855 3276 2894 3318 a
2922 3253 3260 3337 Philippo,

541 3380 691 3441 rege
758 3358 1223 3438 Macedonum,
1292 3361 1637 3425 devastata
1702 3362 1856 3439 est,⁴
1927 3368 2276 3444 propterea
2341 3362 2515 3443 quod
2581 3360 2940 3443 Peparethi
3001 3361 3262 3427 incolae

538 3464 922 3547 Philippum
949 3465 1358 3545 Halonneso,
1401 3467 1636 3548 exigua
1672 3468 1908 3546 insula,
1950 3470 2381 3550 privaverant.
2430 3468 2625 3551 Quod
2660 3468 2904 3532 factum
2945 3474 3048 3533 est
3083 3468 3266 3533 haud

540 3570 748 3635 multo
788 3578 941 3653 post
977 3573 1239 3636 tertiam
1269 3594 1466 3655 quam
1496 3573 1771 3639 dicimus
1803 3576 2164 3639 orationem
2193 3576 2263 3639 in
2292 3574 2672 3658 Philippum
2700 3596 2754 3639 a.
2787 3574 2912 3640 341
2947 3574 3265 3653 habitam,

540 3678 579 3742 i.
630 3698 683 3743 e.
740 3678 931 3742 annis
980 3678 1114 3742 fere
1165 3681 1430 3763 340s39.
1520 3680 1756 3764 Itaque
1825 3680 1940 3747 sna
2006 3682 2333 3746 sententia
2397 3703 2528 3745 non
2594 3680 2961 3764 exemplum
3027 3680 3266 3761 solum,

542 3785 661 3849 sed
698 3806 835 3848 rem
876 3791 1127 3867 gestam
1169 3786 1443 3868 exprimi
1472 3793 1796 3868 putamus.
1847 3787 1990 3853 Illis
2030 3790 2203 3853 enim
2241 3789 2642 3871 temporibus
2681 3810 2830 3853 cum
2858 3788 3266 3870 Peparethii,

761 3995 777 4029 ¹
817 3996 977 4050 Conf.
1018 3998 1144 4051 Alc.
1186 3998 1348 4051 1211ss
1386 4016 1526 4069 seq.:
1568 4000 1691 4069 Quo
1730 4002 1859 4055 loco
1899 4002 2136 4069 scriptor
2173 4002 2241 4057 de
2272 4007 2539 4072 quattuor
2577 4004 2688 4057 illis
2715 4002 3102 4057 eruditissimis
3133 4002 3272 4057 viris

540 4085 704 4151 dixit,
750 4104 989 4155 quorum
1038 4088 1267 4157 quisque
1316 4106 1483 4143 uuam
1532 4107 1600 4143 ex
1646 4089 1956 4143 Platonicis
1995 4091 2105 4143 illis
2144 4092 2446 4146 virtutibus
2484 4092 2666 4147 docet.
2741 4092 2814 4159 Is,
2853 4093 2946 4161 qui
2985 4092 3270 4161 sapientia

540 4173 800 4241 instituit,
840 4177 1011 4229 etiam
1044 4180 1304 4245 μαγείαν
1341 4176 1603 4234 διδάσκει
1641 4178 1748 4247 τὴν
1786 4180 2183 4251 Ζωροάστρου
2219 4192 2323 4236 τοῦ
2360 4184 2689 4253 Ὡρομάζου.

755 4279 777 4315 ²
813 4282 973 4335 (3οηὶ.
1012 4282 1227 4337 Hirzeli
1264 4284 1720 4353 disputationem,
1760 4304 1926 4353 quam
1966 4287 2211 4355 laudavi,
2249 4307 2300 4357 p.
2330 4290 2435 4343 429
2473 4308 2582 4358 seq.

755 4386 779 4421 ³
814 4386 1113 4457 Peparethi
1170 4390 1381 4443 insulae
1440 4409 1643 4445 nomen
1690 4393 1838 4461 apud
1885 4391 2182 4447 Platonem
2231 4413 2502 4463 nusquam
2549 4398 2814 4465 scriptum
2861 4394 3053 4463 vide03
3113 4398 3268 4465 apud

542 4477 883 4545 antiquiores
921 4480 1215 4547 scriptores
1254 4481 1544 4547 rarissime,
1584 4482 1868 4535 interdum
1907 4490 2134 4552 propter
2169 4487 2361 4538 vinum
2403 4490 2884 4539 commemoratur.

754 4582 777 4615 ⁴
815 4584 974 4637 Conf.
1016 4585 1170 4637 Dem.
1210 4586 1278 4638 de
1318 4604 1427 4639 cor.
1460 4589 1552 4641 70:
1595 4589 1839 4659 Σέρριον
1877 4589 1948 4645 ὁέ
1985 4593 2077 4646 καὶ
2115 4594 2404 4663 Δορίσκον
2439 4595 2533 4647 καὶ
2573 4594 2677 4663 τὴν
2715 4592 3079 4661 Πεπαρήθου
3113 4596 3268 4663 πόρ-

540 4673 715 4739 θησιν
751 4674 846 4726 καὶ
886 4674 979 4726 ὂσ’
1021 4675 1157 4727 ἀλλ’
1198 4676 1231 4743 ἡ
1270 4678 1449 4745 πύλῃς
1498 4677 1765 4746 ἠδικεῖτο,
1815 4680 1944 4734 οὐδ’
1984 4685 2040 4735 εἰ
2083 4683 2291 4751 γέγον’
2332 4681 2481 4737 olba.
2556 4682 2716 4735 (¹onf.
2755 4684 2925 4735 etiam
2974 4680 3167 4735 Schol.
3209 4692 3264 4737 et

542 4764 683 4811 orat.
723 4758 845 4813 XII
883 4763 1063 4829 (epist.
1102 4762 1271 4829 Phil.)
1310 4765 1342 4831 ἓ
1384 4765 1450 4817 1‘2
1490 4786 1636 4833 seqq.
