3567 5109
1436 293 1924 356 —155—

300 503 577 568 ‘illorum
624 503 843 586 copias
884 503 893 587 Ι
932 503 1241 568 Fundam
1289 504 1367 567 in
1410 525 1637 589 campo
1682 510 1804 568 aut
1844 506 2037 568 navis
2080 527 2280 569 uram
2323 511 2444 570 aut
2486 511 2698 570 castra
2744 505 3034 570 mactabo

306 611 387 674 in
442 630 642 688 mare,
709 608 821 678 ubi
876 608 1161 680 insolito
1200 631 1321 675 usu
1369 611 1487 674 viri
1537 611 1715 676 docti
1763 609 1852 676 ad
1898 612 2424 676 emendationem
2469 612 2812 696 provocati
2857 617 3031 676 sunt.

306 715 686 799 Madvigius
736 715 997 800 quidem
1046 717 1238 798 (Adv.
1288 718 1431 782 crit.
1474 717 1549 782 H
1596 719 1750 799 663)
1796 724 2011 783 eastra
2053 719 2302 783 iactabo
2346 719 2424 782 in
2465 739 2646 782 mare
2690 719 3038 802 temptavit

304 822 509 906 idque
541 822 617 888 L.
646 821 947 901 Mueller,
999 845 1128 907 quo
1177 825 1389 907 magis
1436 825 1523 889 ad
1557 823 1763 889 libros
1801 846 1869 888 se
1909 823 2292 908 applicaret,
2333 825 2611 890 mutavit
2644 823 2714 890 in
2752 832 3036 902 castram

302 930 556 995 iacmbo
582 931 660 993 in
691 951 868 994 mare
904 929 1047 994 coll.
1075 929 1145 995 A
1182 951 1278 1014 pr.
1313 933 1423 1011 163
1473 937 1544 995 at
1578 938 1794 996 castra
1831 932 1990 1014 quin
2027 932 2207 1015 apud
2241 931 2521 996 Accium
2559 932 2814 1014 generis
2852 931 3034 996 femi-

306 1037 452 1103 nini
482 1035 748 1115 fuerint,
782 1035 1051 1112 dubium
1083 1057 1223 1102 esse
1254 1059 1452 1120 supra
1480 1039 1773 1120 exposui.
1815 1038 2064 1103 Tamen
2094 1038 2397 1103 Muelleri
2426 1039 2818 1105 sententiam
2845 1039 2995 1123 Hey
3013 1041 3034 1078 ²

300 1150 382 1209 ut
436 1143 626 1208 unice
674 1133 895 1208 veram
951 1142 1307 1209 collaudat.
1402 1142 1566 1227 Quis
1622 1166 1773 1210 vero
1833 1145 2276 1211 coniecturam
2325 1145 2620 1228 quamvis
2668 1146 3034 1229 speciosam

306 1250 553 1330 tulerit,
610 1250 689 1330 si,
738 1272 905 1334 quae
952 1250 1201 1315 tradita
1248 1258 1421 1329 sunt,
1480 1250 1792 1334 explicari
1839 1250 2160 1334 possunt?
2249 1253 2540 1316 Mactare
2586 1258 3033 1336 pervetustum

304 1355 697 1422 vocabulum
739 1377 901 1436 esse,
934 1358 1114 1441 quod
1153 1363 1403 1422 mature
1442 1359 1620 1423 varie
1649 1358 2116 1442 usurpabatur,
2153 1359 2342 1443 Hey²
2370 1359 2630 1442 egregie
2657 1357 3029 1438 iUustravit,

302 1485 511 1529 unum
567 1470 792 1529 tamen
847 1465 1155 1530 omittens
1220 1464 1542 1530 translate
1600 1465 1671 1530 id
1724 1487 1860 1530 non
1917 1465 2128 1530 solum
2193 1465 2420 1530 addito
2486 1464 2775 1532 ablativo
2839 1469 3032 1548 malo,

292 1573 565 1654 damno,
620 1571 1013 1655 infortunio,
1069 1573 1384 1655 cruciatu,
1443 1571 1523 1638 al.
1573 1572 1943 1637 adhibitum
1989 1593 2152 1652 esse,
2210 1593 2432 1637 verum
2487 1573 2686 1637 etiam
2731 1571 3030 1638 absolute

302 1678 559 1742 dictum
603 1676 819 1742 valere
871 1677 1195 1762 ‘perdere,
1238 1676 1506 1758 delere’,
1556 1679 1735 1744 velut
1777 1679 1952 1748 Rud.
1989 1683 2075 1746 96
2127 1681 2206 1746 Si
2238 1681 2516 1765 sapiam,
2553 1681 2688 1762 hoc,
2724 1682 2898 1765 quod
2930 1703 3032 1745 me

304 1791 566 1868 mactat,
611 1785 993 1850 concinnem
1040 1786 1274 1851 lutum.
1327 1783 1515 1868 Quae
1562 1785 1953 1870 significatio
1995 1789 2158 1855 satis
2194 1785 2361 1851 bene
2400 1787 2683 1871 quadrat
2721 1787 2808 1852 ad
2834 1785 3030 1852 Accii

298 1891 581 1970 locum³,
633 1913 826 1975 quem
872 1898 1181 1958 converto
1231 1891 1383 1957 ‘das
1420 1892 1641 1977 Lager
1684 1893 2004 1978 vertilgen
2050 1895 2121 1958 in
2158 1893 2263 1958 die
2304 1891 2429 1958 See
2468 1892 2744 1960 hinein'.
2794 1893 3028 1978 Neque

302 2004 637 2063 structura
672 1999 961 2064 mactabo
988 1999 1065 2062 in
1092 2021 1275 2064 mare
1311 1999 1647 2065 reicienda
1685 2006 1805 2080 est,
1846 1999 1925 2065 cf.
1955 2001 2152 2083 Verg.
2183 2000 2350 2066 Aen.
2379 1999 2530 2066 XII
2560 2003 2689 2065 214
2727 2000 2804 2065 in
2838 2001 3028 2084 flam-

298 2127 481 2170 mam
506 2105 815 2189 inquiant
828 2107 1141 2190 pecude3‚·
1191 2112 1538 2190 praeterea
1575 2107 1755 2191 apud
1786 2105 2083 2172 Graecos
2112 2106 2418 2192 frequens
2447 2112 2547 2172 est
2573 2106 2730 2172 talis
2756 2106 3026 2186 locuti0,

295 2220 377 2277 ut
424 2212 605 2295 apud
648 2219 881 2296 poetas
928 2213 1013 2277 cf.
1049 2211 1249 2278 Hom.
1288 2215 1324 2278 λ
1362 2213 1521 2294 35]ss
1557 2215 1729 2298 μῆλα
1773 2216 1996 2297 λαβὼν
2031 2216 2570 2298 ἀπεδειροτόμησα
2611 2214 2623 2295 Ι
2662 2217 2728 2286 ἐς
2759 2215 3030 2297 βόθρον,

298 2317 615 2404 Aeschyl.
667 2316 849 2402 Sept.
891 2322 976 2385 43
1023 2328 1607 2404 ταυροσφαγοῦντες
1644 2323 1709 2393 ἐς
1742 2321 2122 2405 μελανόετὸν
2157 2323 2372 2392 σάκος,
2407 2319 2643 2402 Eurip.
2684 2318 2863 2405 Cycl.
2897 2320 3024 2384 398

288 2429 527 2510 ἔσφαξ’
578 2429 840 2508 ἑταίρων
880 2473 895 2489 .
938 2473 955 2490 .
996 2476 1010 2490 .
1056 2427 1164 2492 τὸν
1207 2427 1325 2512 μὲν
1368 2427 1629 2510 λέβητος
1672 2431 1759 2499 εἰς
1804 2430 2014 2500 κύτος,
2067 2425 2316 2492 Phoen.
2361 2428 2530 2492 1009
2578 2447 2674 2510 sq.
2721 2428 2852 2491 ἀλλ’
2903 2427 3028 2509 εἶμι

294 2535 413 2598 καὶ
457 2533 604 2605 στὰς
640 2534 711 2607 ἐξ
754 2533 1081 2607 ἐπάλξεων
1126 2535 1369 2614 ἄκρων,
1410 2533 1419 2616 Ι
1460 2537 1711 2617 σφάξας
1745 2534 2021 2617 ἐμαυτὸν
2055 2534 2256 2618 σηκὸν
2291 2535 2356 2605 ἐς
2391 2534 2782 2618 μελαμβαθῆ
2821 2533 2830 2617 Ι
2873 2535 3024 2616 δρά-

286 2664 524 2711 κοντος
562 2689 575 2704 .
606 2689 619 2702 .
651 2689 666 2703 .
703 2640 1123 2720 ἐλευθερώσω
1170 2647 1371 2721 γαῖαν,
1418 2639 1515 2702 ita
1564 2638 1739 2722 apud
1784 2639 2201 2704 Herodotum
2247 2639 2386 2722 (HI
2429 2641 2529 2718 11,
2579 2638 2682 2706 IV
2712 2640 2818 2718 62,
2866 2637 2931 2706 V
2961 2641 3024 2716 5,

296 2745 443 2811 VH
493 2746 639 2822 113,
683 2744 864 2812 VIII
913 2745 1068 2828 127)
1113 2749 1181 2808 et
1223 2743 1746 2828 Xenophontem
1795 2744 1958 2828 (An.
2005 2746 2080 2811 H
2128 2749 2190 2825 2,
2240 2747 2301 2824 9,
2349 2744 2454 2812 IV
2501 2748 2562 2824 3,
2617 2745 2746 2828 17).

516 2849 850 2934 Singulari
888 2849 1135 2922 ‚deinde
1180 2852 1452 2918 notione
1497 2851 1767 2916 verbum
1813 2853 2150 2932 adulandi,
2199 2851 2379 2936 quod
2426 2852 2730 2934 primitus
2777 2850 2857 2916 de
2906 2871 3016 2915 ca·

294 2958 494 3024 nibus
560 2956 805 3022 blande
870 2957 959 3022 ad
1012 2957 1307 3022 homines
1364 2978 1433 3022 se
1490 2957 1976 3042 applicantibus
2035 2957 2295 3038 dicitur,
2361 2957 2758 3023 instructum
2812 2963 2915 3022 est
2957 2954 3026 3022 A

292 3087 355 3128 v.
384 3067 515 3130 390
560 3065 837 3130 sublime
880 3066 1151 3130 avohtns
1191 3066 1199 3148 Ι
1240 3065 1535 3130 Pinnata
1580 3066 1790 3130 cauda
1831 3071 2135 3130 nostrum
2177 3066 2408 3130 aduhzt
2446 3065 2859 3150 sanquinem,
2907 3063 3024 3128 ubi

290 3169 477 3236 valet
506 3171 790 3236 ‘caudae
820 3175 1005 3236 motu
1034 3172 1422 3256 sanguinem
1452 3171 1851 3255 abstergere,
1898 3178 1975 3236 ut
2001 3169 2236 3236 vulnus
2267 3171 2748 3236 consanescat’.
2801 3169 3026 3238 Verba

291 3275 673 3362 Aeschylea
702 3299 743 3342 a
771 3283 973 3360 poeta
999 3278 1125 3343 hoc
1154 3277 1349 3343 modo
1380 3298 1690 3363 expressa
1718 3299 1862 3342 esse
1891 3299 1972 3342 ex
2000 3277 2337 3344 Ciceronis
2359 3275 2555 3342 Tusc.
2584 3277 2659 3342 H
2689 3278 2774 3341 24
2813 3297 3023 3360 appa·

290 3390 419 3462 ret,
466 3382 579 3448 ubi
615 3384 671 3448 is
709 3384 941 3449 eodem
978 3383 1299 3449 versiculo
1341 3390 1677 3468 tamquam
1716 3405 1836 3449 suo
1873 3384 2098 3463 utitur,
2149 3383 2270 3448 sed
2313 3381 2668 3448 insolentia
2716 3381 3022 3448 dictionis

286 3491 461 3556 satis
500 3490 986 3557 demonstratur
1013 3491 1258 3556 eumin
1288 3491 1727 3558 convertendo
1756 3489 2080 3556 nonnulla
2107 3490 2191 3555 ab
2218 3489 2432 3556 Accio
2461 3495 2835 3557 mutuatum
2863 3509 3023 3556 esse.

510 3596 726 3662 Paulo
772 3597 1103 3682 progressi
1146 3597 1219 3662 in
1263 3620 1321 3662 ν.
1363 3600 1745 3664 403-406:

774 3740 962 3805 Sicut
1005 3739 1237 3804 Ιαεσίυί
1274 3745 1467 3824 atque
1512 3741 1756 3805 alacres
1801 3741 2034 3806 rosh-is
2069 3739 2496 3825 perfremunt

769 3847 1101 3930 Delphini,
1146 3847 1305 3910 item
1348 3848 1478 3912 alto
1522 3847 1767 3911 mulcta
1817 3847 2080 3912 Silvani
2119 3847 2284 3910 melo

777 3952 1193 4017 Con-similem
1236 3953 1325 4017 ad
1364 3953 1553 4017 auris
1596 3959 1861 4017 cantum
1905 3958 1969 4017 et
1999 3953 2301 4017 auditum
2349 3951 2553 4035 refert

286 4095 688 4162 commorari
752 4093 967 4158 liceat.
1056 4093 1315 4159 Rostris
1368 4094 1793 4178 perfremunt
1853 4093 2119 4176 proprie
2184 4091 2430 4157 dictum
2495 4090 2602 4155 hic
2659 4088 3018 4173 significat:

292 4209 507 4268 ‘mare
553 4199 1005 4286 persulcantes
1043 4199 1380 4264 fremitum
1426 4200 1777 4280 excitant’3
1827 4200 2124 4284 proxima
2170 4197 2370 4263 verba
2415 4198 2572 4262 item
2606 4198 2738 4261 alto
2772 4197 3021 4261 mulcta

288 4329 429 4374 non
475 4307 546 4371 in
594 4305 931 4372 codicibus
979 4312 1261 4386 exstant,
1310 4305 1429 4371 sed
1465 4303 1764 4371 Ribbeck
1803 4327 1883 4370 ea
1919 4327 2038 4389 pro
2071 4304 2408 4372 Ciceronis
2443 4304 2602 4368 item
2635 4303 2772 4368 alia
2805 4303 3020 4368 multa

512 4519 533 4556 ¹
568 4517 770 4572 ‘Ax-ch.
808 4517 847 4571 f.
888 4517 988 4571 lat.
1024 4515 1183 4570 Lex!
1218 4515 1308 4570 IX
1344 4517 1449 4570 217
1487 4516 1548 4570 in
1586 4515 1713 4570 adn.

510 4606 533 4641 π

509 4694 533 4728 ⁸
568 4605 1193 4765 lidnissIleizgigdtione
1228 4699 1487 4762 metare,
1519 4691 1894 4762 praeeipntare
1930 4709 2000 4748 ex
2035 4707 2198 4750 versu
2234 4689 2500 4744 videlicet
2525 4688 2698 4743 ducta
2725 4703 2838 4743 non
2865 4687 3015 4742 male

285 4785 629 4842 sententiam
668 4784 958 4854 expressit.
