3567 5109
1410 277 1892 340 —165—

267 511 348 572 p.
393 492 504 572 15)
559 490 962 554 emendavit:
1026 489 1323 572 frendere
1369 489 1624 572 Nyctea
1700 488 1967 570 Misera,
2014 509 2176 572 quae
2213 509 2525 573 perpessa
2568 491 2760 553 sum!
2855 487 3035 553 Mea,

269 595 555 680 quidem
601 597 931 662 sententia
975 595 1104 660 hoc
1147 593 1594 677 fragmentum
1643 594 1967 658 artissime
2018 594 2327 659 cohaeret
2382 615 2531 659 cum
2574 594 3006 660 antecedente

269 705 374 784 (9)
413 704 680 788 perdita
723 703 972 768 inluvie
1007 707 1198 786 atque
1234 701 1570 766 insomnia
1607 705 1674 764 et
1710 721 1859 766 cum
1897 700 2334 782 subsequente
2362 703 2501 784 (11)
2526 701 2751 786 fruyes
2776 701 3009 786 frendo

267 811 525 874 sol-idas
570 811 721 874 saxi
763 810 1005 888 robore,
1052 808 1226 872 inter
1273 829 1441 891 quae
1486 807 1684 891 pauci
1721 807 2075 873 admodum
2113 828 2337 872 versus
2373 808 2756 872 intererant.
2804 805 3009 875 Vide·

271 938 494 996 amus,
543 916 704 999 quid
746 916 902 980 inde
945 914 1294 980 lucremur.
1389 913 1556 980 Oum
1602 934 1729 978 vox
1771 915 2109 980 insomnia
2155 919 2409 998 spectet
2453 915 2539 980 ad
2585 914 2751 980 illud
2796 921 3013 980 noctes

261 1025 552 1109 perpeti,
621 1021 1012 1088 concludere
1075 1021 1303 1087 licebit
1354 1020 1604 1086 Dircen
1659 1020 1930 1086 immani
1986 1021 2135 1086 odio
2194 1022 2593 1104 exagitatam
2639 1019 3011 1106 Antiopam

271 1135 484 1195 noctu
541 1129 745 1214 quieti
800 1151 870 1194 se
927 1128 1089 1194 dare
1131 1149 1268 1193 non
1313 1149 1578 1212 passam
1624 1148 1789 1206 esse,
1857 1128 1973 1193 sed
2028 1127 2367 1192 laboribus
2414 1129 2755 1194 nocturnis
2798 1129 3009 1212 impo÷

273 1239 426 1302 sitis
474 1236 840 1302 custodiam
887 1257 1085 1321 quam
1131 1235 1579 1320 gravissimam
1624 1234 1877 1300 fecisse.
1962 1233 2250 1319 Quinam
2296 1235 2393 1299 illi
2436 1234 2697 1300 labores
2743 1234 3007 1314 fuerint,

274 1363 361 1408 ex
396 1344 593 1409 tertio
633 1342 1002 1425 fragmento
1041 1341 1503 1426 comperimus:
1546 1340 1756 1406 molas
1795 1341 2129 1406 trusatiles
2158 1341 2602 1424 circumagere
2632 1342 3007 1424 cogebatur.

277 1450 621 1533 Superest,
667 1455 745 1514 ut
791 1450 1179 1515 attributum
1224 1451 1464 1515 solidas
1511 1451 1976 1528 examinemus,
2027 1447 2205 1532 quod
2242 1448 2543 1514 Ribbeck
2590 1471 2670 1513 ex
2708 1449 3007 1514 codicum

277 1559 608 1641 scriptura
657 1560 828 1623 solas
874 1557 1099 1623 elicuit
1143 1557 1471 1639 sagaciter
1516 1555 2062 1621 adnotatiuncula
2110 1561 2516 1639 comparata,
2576 1577 2744 1639 quae
2791 1563 2891 1620 est
2936 1556 3005 1620 in

272 1663 563 1748 Etymol.
613 1664 864 1748 Magno
911 1685 976 1747 p.
1009 1667 1122 1729 60:
1173 1665 1264 1729 ὅτι
1307 1665 1421 1746 τὴν
1455 1665 1783 1747 Ἀντιόπην
1829 1665 1867 1728 ὁ
1914 1663 2200 1733 Νυκτεὺς
2244 1664 2532 1746 βασιλεὺς
2576 1663 2837 1748 Θηβῶν,
2881 1665 3003 1728 θυ-

274 1775 508 1855 γατέρα
555 1775 749 1838 αὐτοῦ
796 1771 1014 1846 οὖσαν,
1061 1773 1310 1855 ἐποίησε
1354 1773 1594 1856 χαλκᾶς
1639 1771 1900 1854 ἀλήθειν
1944 1773 2190 1852 κριθάς.
2284 1768 2481 1853 Quod
2536 1769 2900 1835 subsidium
2946 1770 3004 1834 si

273 1878 764 1962 perpendimuS,
809 1877 1018 1943 levius
1065 1877 1276 1942 evinci
1312 1877 1565 1960 opinor.
1612 1876 1906 1942 Primum
1946 1875 2327 1959 discrepant
2363 1875 2563 1942 verba
2599 1877 2683 1941 ab
2711 1876 3003 1960 HyginO,

277 1986 394 2070 qui
459 1991 918 2067 argumentum
963 1983 1367 2068 Euripideae
1429 1982 1715 2064 fabulae,
1783 1983 1873 2049 ad
1928 2005 2127 2068 quam
2171 1983 2534 2048 Pacuvium
2592 2005 2661 2048 se
2709 1983 2999 2068 applica·

273 2093 446 2158 visse
495 2091 727 2158 Cicero
776 2092 856 2157 de
905 2091 1050 2155 Fin.
1089 2091 1126 2154 Ι
1173 2094 1213 2155 4
1259 2097 1560 2171 testatur,
1609 2091 1962 2156 memoriae
2007 2090 2301 2174 prodidit
2345 2095 2425 2172 (c.
2468 2094 2549 2173 8).
2625 2091 2887 2156 Deinde
2934 2091 3001 2154 in

277 2197 544 2264 scholiis
581 2199 670 2264 ad
706 2197 942 2282 Odyss.
973 2197 1229 2265 XVIII
1269 2200 1352 2262 85
1391 2203 1458 2262 et
1492 2201 1564 2263 in
1600 2195 1829 2280 Apoll.
1860 2197 2075 2290 Rhod.
2104 2195 2476 2280 Argonaut.
2504 2198 2606 2266 IV
2649 2200 3001 2264 1092—95

275 2306 550 2371 servatis
598 2305 860 2370 facinus
897 2305 1060 2370 illud
1098 2305 1180 2368 de
1218 2305 1494 2385 EchetO,
1543 2306 1920 2370 saevissimo
1950 2305 2141 2389 Epiri
2179 2327 2351 2390 rege,
2391 2313 2717 2370 narratur.
2764 2305 3001 2389 Neque

275 2414 464 2480 nihili
520 2415 759 2480 faciam
805 2413 1243 2497 Propertium,
1299 2412 1455 2478 licet
1499 2412 1774 2496 vestigia
1818 2413 2198 2496 tragoediae
2245 2434 2379 2478 non
2428 2413 2619 2478 anxie
2665 2413 2999 2496 presserit,

279 2522 391 2604 qui
437 2520 869 2586 contumelias
915 2519 1253 2603 Antiopae
1299 2518 1520 2584 illatas
1567 2519 1692 2584 hoc
1741 2518 1935 2584 modo
1986 2519 2297 2585 describit
2340 2519 2456 2584 III
2506 2523 2609 2600 15,
2662 2522 2773 2585 13:

776 2637 878 2702 Ah
925 2637 1222 2720 quotiens
1257 2637 1570 2720 pulchros
1613 2636 1789 2699 ussit
1829 2637 2057 2720 req-ina
2100 2638 2367 2720 capillos

777 2745 1127 2827 Molliaque
1171 2743 1456 2807 immites
1501 2743 1658 2827 fixit
1697 2743 1775 2806 in
1820 2764 1936 2808 ora
1980 2747 2264 2808 manus!

771 2851 880 2915 Ah
923 2851 1220 2934 quotiens
1262 2851 1588 2933 famulam
1625 2851 1854 2934 pensis
1898 2851 2194 2915 oneravit
2234 2851 2489 2935 iniquis

771 2956 866 3021 Et
907 2962 1105 3040 eaput
1146 2956 1223 3020 i‘n
1267 2958 1438 3020 dura
1473 2977 1715 3040 ponere
1759 2957 1961 3020 ‘lussit
2004 2958 2201 3020 lemno
2216 2960 2243 3020 Ι

279 3069 582 3154 Apparet
626 3069 964 3154 Antiopae
1031 3092 1263 3154 graves
1332 3071 1726 3136 domesticos
1781 3070 2045 3135 labores
2102 3070 2507 3151 ancillarum,
2573 3076 2770 3154 prout
2824 3091 2995 3154 opus

277 3185 417 3242 erat
461 3179 593 3242 sive
632 3179 700 3242 in
748 3177 1036 3244 lanificio
1085 3180 1220 3243 sive
1255 3179 1327 3242 in
1366 3179 1662 3262 pistrina,
1713 3178 2054 3243 obeundos
2092 3178 2311 3243 fuisse.
2362 3177 2583 3263 Quare
2624 3177 2719 3251 de,
2744 3177 2993 3256 solidis,

275 3286 318 3349 i.
355 3307 408 3349 e.
459 3285 728 3351 aheneis
774 3285 1070 3368 frugibus
1118 3287 1540 3368 cogitandum
1587 3307 1730 3350 esse
1767 3285 2129 3352 Ribbeckio
2177 3306 2313 3351 non
2360 3285 2739 3350 concedam.
2786 3285 2991 3350 Prae-

277 3397 409 3456 stat
464 3413 614 3456 cum
666 3391 746 3456 L.
794 3392 1118 3457 Muellero
1174 3394 1377 3458 solido
1429 3395 1580 3458 sam
1631 3395 1853 3460 robore
1909 3393 2126 3476 legere
2139 3416 2153 3476 ;
2220 3395 2375 3476 sola,
2433 3393 2612 3475 quod
2658 3391 2989 3472 Welcker,

278 3497 376 3561 vel
419 3500 571 3577 solo,
621 3499 800 3582 quod
845 3498 1146 3565 Ribbeck
1193 3499 1348 3563 olim
1397 3501 1791 3580 coniecerat,
1839 3500 2105 3566 facilior
2150 3500 2523 3565 emendatio
2572 3506 2691 3579 est,
2740 3500 2856 3564 sed
2904 3498 2991 3563 ad

279 3605 665 3670 sententiam
713 3608 927 3670 minus
962 3607 1227 3671 idonea.
1278 3605 1501 3690 Atque
1527 3629 1698 3672 casu
1736 3607 2025 3690 quodam
2063 3628 2286 3672 versus
2315 3607 2506 3672 Accii
2535 3612 2831 3670 servatus
2869 3612 2999 3684 est,

279 3731 402 3794 quo
467 3711 972 3795 explicationem
1035 3734 1249 3777 meam
1315 3712 1531 3778 fulciri
1585 3714 1827 3779 iudico.
1919 3716 2004 3779 In
2050 3713 2421 3779 Troadibus
2477 3715 2650 3778 enim
2706 3715 2792 3796 (v.
2834 3715 2989 3793 478)

277 3817 505 3882 mulier
553 3819 879 3902 quaedam
929 3820 1202 3885 alteram
1248 3821 1640 3904 interrogat:

853 3935 1245 4001 Nocturnan
1287 3959 1445 4002 sacco
1489 3937 1713 4020 fruyes
1756 3938 2027 4021 frendes
2074 3938 2397 4003 torridas?

278 4047 479 4116 Vides
522 4056 919 4115 nocturnum
965 4051 1259 4116 laborem
1303 4053 1375 4117 in
1422 4052 1700 4136 pistrino
1746 4054 1921 4118 inter
1969 4053 2172 4118 durae
2220 4053 2551 4118 servitutis
2588 4052 2767 4117 mala
2800 4050 2984 4116 habi-

278 4159 407 4220 tum
453 4175 612 4221 esse.
705 4155 1258 4241 Quandoquidem
1306 4160 1700 4224 coniecturis
1747 4160 1893 4225 vela
1942 4161 2263 4241 dedimuS,
2310 4161 2397 4226 ad
2444 4181 2592 4225 eam
2639 4160 2987 4224 audaciam

277 4261 670 4344 progredior,
719 4269 794 4326 ut
836 4265 1082 4328 inserto
1123 4287 1272 4329 oum
1309 4265 1697 4348 explicativo
1739 4265 1869 4330 duo
1900 4267 2176 4332 Pacuvii
2214 4267 2586 4351 fragmenta
2621 4268 2731 4347 (10
2770 4273 2838 4330 et
2878 4269 2985 4346 11)

277 4367 441 4433 hunc
485 4369 559 4432 in
603 4366 869 4433 modum
916 4376 1289 4436 contexam:

795 4486 1120 4552 Frendere
1165 4493 1395 4571 noeteS,
1445 4489 1686 4554 misera
1729 4511 1894 4573 quas
1929 4475 2241 4577 perpessa
2286 4513 2457 4572 sum,

807 4592 974 4658 Cum
991 4594 1012 4632 ¹
1056 4596 1280 4680 fruyes
1324 4597 1555 4679 frendo
1600 4598 1803 4662 solido
1848 4600 2000 4664 sami
2024 4600 2281 4666 robore.

481 4775 500 4810 ²
536 4774 792 4832 Ribbeck
832 4777 1025 4832 addito
1062 4779 1146 4833 sic
1182 4797 1404 4834 versum
1443 4781 1668 4849 explere
1702 4783 1902 4838 voluit.
