3567 5109
1733 285 2218 348 -146—

615 497 840 575 fuisse,
889 497 1006 560 sed
1051 496 1137 560 ab
1181 495 1559 560 urbanitate
1607 495 1946 561 exclusum
1992 517 2137 561 esse
2184 495 2571 561 Woelfflinl
2617 497 2935 579 exposuit.
2984 534 3073 544 —-
3122 494 3362 560 A486

616 606 759 668 Aut
792 624 898 687 090
933 603 1108 668 illim
1143 604 1422 688 eripiam
1457 610 1578 669 aut
1601 603 1707 667 illi
1731 621 1981 688 poenas
2016 604 2351 687 sufferam.
2402 602 2589 668 Libri
2625 602 2873 668 habent
2900 604 3119 680 illum,
3164 601 3361 686 quod

616 709 916 776 Ribbeck
952 709 1021 775 in
1057 709 1353 776 Historia
1396 717 1564 793 trag.
1604 709 1797 774 Rom.
1838 711 1926 793 (p.
1966 711 2144 793 366),
2182 731 2331 774 cum
2370 717 2827 794 argumentum
2860 709 3358 795 Nyctegresiae

613 816 1016 883 adumbrans
1059 816 1306 882 falsum
1354 817 1784 900 cognovisset,
1837 817 2119 882 correxit
2164 816 2358 883 simul
2396 818 2501 882 illi
2544 817 2925 883 adverbium
2970 838 3121 882 esse
3171 817 3357 881 bene

617 925 1104 1007 interpretatus
1178 923 1562 989 Lectionem
1607 923 1923 989 traditam
1968 945 2047 989 eo
2096 922 2520 989 offensionem
2568 946 2846 1004 movere,
2895 925 3077 1008 quod
3124 945 3357 1007 neque

617 1031 881 1097 Ulixem
919 1051 1144 1114 -neque
1193 1030 1586 1096 Diomedem
1644 1029 2031 1096 confirmare
2088 1030 2337 1110 deceat,
2403 1032 2459 1095 si
2512 1052 2617 1096 res
2675 1053 2861 1097 secus
2908 1031 3205 1109 caderet,
3278 1051 3355 1094 se

615 1158 866 1221 poenas
913 1136 1280 1202 soluturum
1327 1159 1487 1204 esse.
1564 1135 1690 1202 Oui
1735 1159 1815 1202 eo
1861 1136 2175 1202 libentius
2220 1138 2577 1218 adsentior,
2637 1137 2816 1220 quod
2858 1139 3071 1216 illum,
3124 1138 3185 1202 si
3234 1158 3357 1220 ge·-

615 1247 890 1311 nuinum
937 1251 1127 1323 esset,
1178 1243 1633 1312 tantummodo
1682 1244 1765 1309 de
1812 1243 2037 1310 Rheso
2084 1245 2295 1328 accipi
2342 1253 2580 1328 posset.
2644 1244 2745 1311 At
2791 1242 3035 1310 Graeci
3080 1266 3227 1310 non
3277 1244 3353 1308 id

617 1353 922 1437 agebant,
970 1359 1046 1416 ut
1092 1352 1386 1416 Rhesum
1433 1358 1765 1436 caperent,
1816 1351 1933 1415 sed
1976 1357 2052 1416 ut
2098 1353 2235 1417 eius
2274 1353 2461 1436 equis
2507 1353 2893 1437 potirentur,
2944 1352 3189 1436 quibus
3228 1351 3351 1416 ab·

574 1542 581 1549 .
619 1459 833 1525 ductis
881 1459 1141 1524 demum
1188 1480 1270 1524 ex
1315 1457 1564 1524 oraculi
1611 1479 1928 1542 responso
1976 1459 2179 1525 Troia
2226 1460 2585 1542 expugnari
2630 1465 2907 1542 poterat.

1707 1635 1776 1702 4.
1825 1636 1931 1704 De
1976 1637 2240 1704 verbis.

829 1778 1262 1844 Prolixiorem
1309 1779 1674 1858 materiam,
1734 1800 1905 1861 quae
1952 1780 2019 1845 in
2064 1777 2191 1844 hoc
2238 1786 2440 1862 caput
2484 1779 2888 1844 conferenda
2940 1784 3061 1858 est,
3108 1799 3355 1842 rursus

615 1888 712 1952 ita
759 1886 1126 1968 disponam,
1176 1892 1252 1950 ut
1297 1886 1482 1968 prius
1529 1884 1610 1949 de
1660 1885 2066 1950 verborum
2112 1887 2343 1968 copia
2390 1893 2464 1950 et
2502 1885 2832 1964 delectu,
2878 1893 3019 1949 tum
3060 1884 3145 1949 de
3184 1883 3347 1948 for-

615 2014 904 2058 marum
951 1993 1334 2058 varietate
1383 2013 1595 2076 agam.

829 2099 1073 2178 Verba,
1143 2119 1310 2182 quae
1377 2100 1740 2182 priscorum
1796 2100 2194 2182 tragicorum
2247 2100 2598 2184 principes,
2660 2100 2743 2164 de
2799 2098 3035 2182 quibus
3092 2100 3345 2181 agitur,

615 2213 1118 2286 novaverunt,
1169 2205 1406 2291 reliqui
1453 2212 1674 2271 autem
1723 2207 2075 2289 scriptores
2122 2227 2255 2271 non
2300 2207 2731 2291 usurpabant,
2779 2206 2941 2271 haec
2988 2211 3171 2270 sunt:

830 2312 896 2377 A
925 2334 1020 2396 pr.
1047 2316 1142 2380 14.
1173 2315 1546 2392 adauctare3

829 2419 888 2484 P
909 2423 1037 2485 339
1092 2422 1384 2505 amplare
1429 2447 1516 2478 =
1565 2417 1987 2502 amplificare.
2064 2419 2358 2486 Verbum
2412 2427 2645 2504 postea
2696 2420 2965 2498 interiit,
3026 2419 3205 2502 quia,
3260 2425 3347 2482 ut

613 2525 998 2592 Woelfflin²
1051 2525 1218 2592 bene
1275 2527 1595 2609 exposuit,
1665 2547 1811 2591 cum
1866 2525 2063 2590 verbo
2119 2525 2481 2610 ampliandi
2528 2524 3081 2606 confundebatur,
3148 2525 3343 2590 cuius

616 2637 805 2719 priva
833 2635 1016 2699 notio
1047 2641 1150 2698 est
1179 2635 1276 2698 ‘in
1306 2633 1488 2698 aliud
1515 2640 1773 2717 tempus
1805 2631 2117 2700 differre’.
2164 2633 2417 2698 Mansit
2442 2633 2653 2699 solum
2680 2635 2749 2698 in
2779 2631 3013 2716 glossis
3043 2629 3240 2716 (OGl.
3260 2629 3345 2698 Π

615 2743 774 2825 469)
819 2744 976 2824 ὗψῶ
1021 2742 1170 2824 alto,
1216 2742 1452 2825 amplo,
1499 2742 1734 2820 exalt03

838 2847 1032 2926 A26,
1081 2849 1208 2912 338
1254 2847 1604 2931 frayescere
1640 2875 1726 2904 =
1763 2847 2049 2930 frangi³;

828 2953 897 3019 A
932 2976 1025 3037 pr.
1058 2955 1096 3020 9
1143 2955 1480 3038 ‘e'ynavaae-il'
1523 2953 1937 3040 (Buecheler,
1986 2952 2164 3018 libri:
2213 2954 2520 3041 v‘ynarit);

829 3062 886 3127 P
908 3063 1037 3127 276
1097 3062 1264 3146 lapit
1317 3062 1512 3144 (lapit
1561 3081 1670 3126 eor
1722 3081 1901 3142 ema,
1966 3082 2289 3126 aerumna
2330 3082 2566 3146 corpu-3
2608 3061 2895 3144 conficit)
2940 3087 3028 3116 =
3078 3057 3339 3124 ‘dolore

615 3167 846 3234 afficit’
878 3167 1069 3232 Paul.
1093 3189 1174 3232 ex
1199 3167 1378 3234 Fest.
1406 3169 1564 3250 (118
1587 3167 1698 3245 Μ.,
1734 3171 1817 3232 84
1840 3165 2006 3249 Th).
2038 3166 2317 3233 Vossius
2348 3166 2615 3232 verbum
2640 3165 3056 3231 intransitive
3086 3166 3341 3232 dictum

613 3277 790 3339 idem
819 3273 1188 3358 significare
1219 3281 1416 3358 atque
1449 3275 1829 3358 lapidescere
1859 3275 2129 3356 putavit.
2176 3274 2260 3338 Id
2288 3273 2390 3338 vel
2420 3295 2497 3339 eo
2529 3272 2935 3357 reprobatur,
2967 3272 3148 3355 quod
3175 3293 3339 3337 eura

617 3380 908 3445 chiasmo
965 3381 1413 3445 nominativus
1471 3381 1811 3446 evincitur.
1896 3379 2028 3445 Sed
2084 3383 2350 3446 omnino
2406 3380 2657 3445 nullam
2706 3379 3116 3444 adfinitatem
3162 3380 3335 3443 inter

616 3487 902 3570 lapidem
961 3493 1027 3551 et
1081 3487 1206 3551 hoc
1261 3486 1530 3552 verbum
1585 3487 1991 3553 intercedere
2042 3487 2365 3571 Conway⁴
2420 3487 2600 3566 vidit,
2667 3487 2864 3551 immo
2920 3487 3007 3551 ad
3064 3487 3337 3570 stirpem

615 3595 779 3678 dap-
832 3593 936 3678 (cf.
995 3597 1236 3674 δάπτω,
1287 3593 1620 3674 damnum,
1669 3594 2015 3679 dapinare)
2062 3596 2410 3678 pertinere.
2497 3593 2693 3679 Quod
2740 3595 2763 3657 l
2806 3615 2924 3676 pro
2971 3595 3017 3658 d
3060 3614 3129 3658 se
3175 3593 3337 3658 insi-

611 3702 971 3780 nuavisset,
1037 3722 1114 3766 eo
1173 3699 1493 3766 declarari
1539 3723 1764 3765 vocem
1811 3722 1892 3766 ex
1938 3701 2217 3766 dialecto
2268 3700 2552 3784 quadam
2600 3739 2686 3748 —
2732 3699 3016 3764 fortasse
3064 3698 3337 3776 Sabina,

614 3806 728 3872 ubi
766 3807 996 3872 eadem
1025 3805 1406 3872 vicissitudo
1437 3809 1698 3890 saepius
1729 3807 2131 3888 observatur,
2165 3847 2249 3855 ——
2277 3807 2599 3873 adscitam
2636 3827 2799 3872 esse.
2848 3805 3068 3891 Quare
3106 3825 3336 3870 vereor

615 3914 886 3979 verbum
936 3937 1082 3980 cum
1131 3913 1420 3980 Stolzio5
1467 3921 1534 3978 et
1577 3913 1806 3979 lexicis
1854 3914 1973 3982 IV.
2022 3917 2471 3998 coniugationi
2517 3914 2831 3994 tribuere3

828 4023 887 4086 P
912 4024 1035 4087 139
1081 4029 1458 4087 matre-seem
1503 4023 1817 4104 (Utinam
1862 4044 2043 4087 mmo
2086 4029 2470 4088 man-eseam
2514 4024 2793 4106 inyem'O,
2838 4027 2919 4086 ut
2948 4042 3172 4086 meum
3196 4042 3331 4104 pa-

617 4135 780 4194 trem
815 4129 1045 4193 ulcisci
1077 4131 1354 4212 queam).
1403 4128 1628 4195 OFW.
1669 4127 1952 4194 Mueller
1966 4130 2009 4209 ⁶,
2059 4131 2163 4194 cui
2202 4129 2360 4195 Sittl
2398 4128 2463 4213 (1.
2494 4127 2534 4196 1.
2572 4153 2634 4212 p.
2672 4131 2830 4212 486)
2867 4127 3336 4211 adstipulatur,

833 4304 854 4339 ²
888 4305 1086 4358 ‘Arch.
1127 4303 1165 4356 f.
1206 4305 1303 4358 lat.
1344 4304 1498 4358 Lex.’
1537 4303 1658 4358 VII
1697 4305 1820 4358 332.

832 4391 852 4426 ²
890 4393 1086 4446 ‘At-ch.
1123 4393 1162 4446 f.
1202 4393 1298 4446 lat.
1336 4392 1494 4446 Lex)
1533 4393 1684 4448 V111
1721 4395 1844 4448 412.

830 4483 852 4516 ³
887 4483 1014 4535 Hoc
1049 4483 1281 4538 verbum
1318 4483 1376 4535 in
1413 4482 1572 4536 Sittli
1609 4483 1985 4552 disputatione
2022 4485 2101 4539 De
2138 4486 2365 4555 linquae
2402 4486 2523 4542 Lat.
2552 4485 2725 4540 verbis
2754 4483 3085 4538 irwokatim's
3112 4485 3333 4555 (‘Arch.

615 4571 656 4624 f.
693 4571 791 4624 lat.
831 4569 982 4624 Lex!
1021 4569 1052 4623 1
1091 4573 1196 4625 465
1235 4576 1409 4640 seqq.)
1447 4574 1708 4625 omissum
1747 4579 1847 4625 est.

829 4659 852 4693 ⁴
888 4659 1234 4726 ‘Indogerm.
1273 4659 1698 4729 Forschungen’
1737 4660 1801 4714 II
1842 4663 1959 4715 165.

833 4749 854 4780 ⁵
892 4747 1262 4800 ‘Handbuch’
1301 4766 1354 4815 p.
1389 4749 1504 4801 113.

833 4834 855 4868 ⁶
892 4834 1292 4888 ‘Plautinische
1331 4835 1624 4889 Prosodie’
1663 4855 1714 4904 p.
1746 4839 1868 4891 375.
