3567 5109
1721 300 2154 365 -30-

796 494 874 555 In
909 488 1072 558 arsi
1108 499 1334 555 autem
1366 496 1642 576 quarta
1675 493 2043 556 elisionum
2075 510 2406 555 numerus
2438 494 2791 555 minuitur.
2846 493 3054 555 Haud
3101 494 3283 555 enim

590 598 828 676 plures
878 614 1083 676 quam
1133 597 1379 659 XXXV
1427 616 1676 661 versus
1724 598 2058 662 exhibent
2104 600 2385 677 longam
2433 598 2750 661 vocalem
2783 605 2940 661 ante
2974 598 3284 660 vocalem

588 702 765 764 arsis
813 708 1100 781 quartae
1149 704 1469 781 positam,
1547 703 1805 783 duplex
1854 703 2002 767 fere
2048 722 2378 767 numerus
2430 739 2507 749 —-
2556 704 2744 766 LXII
2790 705 3155 766 numeravi
3206 739 3279 746 --

587 807 889 883 brevem,
937 807 1146 869 XLVI
1187 806 1522 889 syllabam
1571 809 1887 871 mediam.
1932 808 2005 871 Si
2049 828 2221 871 vero
2270 814 2427 889 post
2461 810 2652 871 arsin
2687 814 3003 887 quartam
3036 808 3284 869 incidit

583 930 888 988 caesura,
920 911 1102 973 haud
1124 929 1287 974 raro
1311 931 1392 973 ex
1417 930 1613 975 more
1635 913 2062 993 optimorum
2096 915 2462 994 poetarum
2496 914 2822 975 Paulinus
2858 915 2925 974 in
2956 914 3082 974 hac
3117 912 3285 973 sede

581 1036 796 1097 aeque
817 1022 1024 1096 atque
1053 1016 1124 1077 in
1151 1034 1440 1078 caesura
1462 1019 1955 1097 semiquinaria
1984 1020 2181 1098 ponit
2202 1017 2699 1099 monosyllaba,
2724 1035 2920 1095 quae,
2949 1035 3107 1078 cum
3130 1034 3282 1079 sen-

579 1125 790 1185 tentia
822 1124 1214 1201 pertineant
1258 1122 1346 1183 ad
1392 1139 1488 1199 ea,
1536 1140 1709 1202 quae
1756 1140 2117 1185 caesuram
2166 1130 2573 1202 sequuntur,
2620 1128 2912 1201 propter
2958 1129 3285 1184 accentus

575 1244 861 1289 normas
908 1244 1065 1288 cum
1111 1225 1678 1289 antecedentibus
1725 1228 2155 1309 synaloepha
2204 1228 2521 1290 conectit.
2588 1227 3056 1289 Iambicarum
3106 1245 3279 1305 quo-

577 1351 714 1411 que
747 1337 813 1395 et
845 1330 1389 1411 spondiacarum
1421 1348 1672 1392 vocum
1705 1330 1835 1394 hac
1869 1331 2279 1395 condicione
2320 1332 2453 1395 sibi
2484 1332 2799 1412 permisit
2847 1330 3281 1393 coniunctio-

573 1456 728 1499 nem
779 1456 932 1499 cum
979 1437 1101 1512 ,et‘,
1147 1440 1280 1512 ,ut‘,
1329 1434 1670 1498 similibus
1718 1438 1989 1499 voculis
2040 1437 2152 1516 (cf.
2198 1456 2412 1517 supra
2459 1455 2522 1517 p.
2572 1436 2701 1515 23).

781 1543 1002 1603 Porro
1051 1542 1279 1602 minus
1345 1546 1616 1619 gratam
1665 1559 1818 1604 esse
1866 1542 2381 1622 synaloepham,
2450 1560 2627 1621 quae
2694 1546 2925 1603 exstat
2986 1541 3059 1601 in
3125 1543 3283 1619 ipsa

571 1662 918 1733 caesura,
967 1663 1122 1707 cum
1169 1650 1416 1707 natura
1461 1663 1585 1707 sua
1635 1648 1816 1709 inter
1861 1665 1935 1708 se
1985 1647 2384 1727 discrepent
2430 1648 2630 1710 elisio
2678 1653 2748 1710 et
2795 1664 3099 1717 caesura,
3144 1662 3281 1723 per

569 1772 642 1815 se
688 1757 894 1833 patet.
941 1750 1158 1823 Quam
1207 1751 1564 1813 elisionem
1601 1751 1936 1814 Paulinus
1984 1770 2119 1814 non
2168 1754 2317 1815 sine
2364 1754 2654 1815 consilio
2706 1756 2774 1814 in
2807 1754 2914 1813 his
2947 1749 3281 1814 versibus

565 1859 700 1920 sibi
747 1855 1147 1937 permisisse
1196 1855 1494 1931 videtur,
1542 1862 1620 1917 ut
1666 1858 1778 1919 vel
1826 1854 2133 1919 numeris
2183 1858 2550 1921 adiuvaret
2596 1860 3043 1920 sententiam:

773 1978 930 2041 VIII,
971 1980 1022 2025 1:
1061 1976 1175 2027 Cur
1210 1981 1403 2039 gentes
1437 1977 1720 2029 fremuere
1755 1982 1812 2027 et
1846 1978 2039 2028 inania
2076 1993 2177 2028 cur
2214 1980 2465 2030 medItati

1061 2069 1191 2114 sunt
1225 2062 1462 2127 populi?

775 2154 887 2209 XX,
925 2152 1051 2201 354:
1091 2164 1307 2213 quosve
1344 2151 1530 2218 pedes,
1565 2156 1678 2201 tam
1717 2152 1886 2215 longe
1925 2158 1985 2203 ut
2022 2158 2210 2216 posset
2247 2168 2495 2219 currere,
2531 2154 2803 2217 sumpsit?

773 2238 966 2299 xxvl,
1003 2242 1130 2289 416:
1170 2240 1330 2290 illam
1369 2241 1538 2289 etiam
1576 2241 1849 2291 virtutem
1890 2243 2150 2291 arcendis
2187 2242 2362 2292 indue
2399 2244 2579 2293 bellis.

771 2328 968 2384 XXXI,
1023 2330 1149 2377 533:
1209 2326 1337 2389 quIs
1392 2327 1532 2377 mihi
1573 2328 1667 2377 det
1699 2329 2011 2390 pretiosum
2052 2330 2336 2380 alabastro
2374 2330 2615 2380 fundere
2668 2330 2912 2379 nardum

1234 2417 1306 2464 -et
1343 2415 1558 2464 domini
1597 2429 1787 2465 sacros
1824 2416 2019 2466 flendo
2058 2418 2255 2467 lavare
2290 2419 2497 2481 pedes?

771 2504 859 2560 VI,
901 2504 1025 2551 313:
1066 2502 1272 2564 diriget
1309 2502 1400 2552 hle
1439 2517 1585 2565 quae
1623 2516 1806 2567 prava
1844 2509 1898 2554 et
1934 2506 2110 2555 leniet
2147 2518 2348 2569 aspera
2388 2508 2551 2557 dura.

766 2609 1028 2670 Deinde
1093 2608 1365 2671 facilius
1429 2612 1602 2672 ierri
1669 2613 2167 2693 synaloepham
2234 2622 2526 2693 propter
2600 2616 2980 2677 sententiae
3046 2616 3261 2675 inter-

559 2714 973 2789 missionem,
1031 2731 1209 2791 quae
1275 2715 1623 2777 antecedit
1668 2723 1789 2778 aut
1836 2720 1902 2779 in
1951 2736 2309 2781 caesuram
2360 2720 2617 2796 incidit,
2663 2722 2980 2781 existimo
3030 2721 3095 2778 in
3148 2719 3263 2777 his

556 2819 876 2881 versibus
895 2839 910 2879 ε

759 2940 906 3000 XIV,
941 2941 1034 2991 85:
1075 2940 1406 3003 hospitibus.
1447 2942 1554 3005 Sic,
1593 2944 1750 3011 Nola,
1789 2945 2051 3007 adsurgis
2088 2948 2337 3010 imagine
2376 2948 2599 2998 Romae.

761 3028 872 3092 XV,
911 3030 1036 3079 200:
1075 3028 1423 3088 carnificum,
1462 3030 1690 3081 diversa
1727 3038 1784 3083 at
1820 3047 1931 3083 non
1972 3036 2181 3085 leviore
2218 3038 2451 3086 ferebat.

757 3114 967 3177 XVIII,
1004 3118 1129 3165 345:
1171 3118 1425 3167 membra
1464 3118 1672 3183 dolent,
1709 3121 1875 3169 iuvat
1910 3122 2031 3183 ipsa
2070 3124 2308 3185 iniuria;
2346 3138 2447 3175 nec
2482 3125 2622 3175 situs
2658 3124 2865 3173 horret.

759 3201 1020 3267 xxvul,
1057 3204 1185 3255 202:
1225 3208 1280 3253 et
1313 3206 1482 3267 spatii
1523 3220 1722 3269 cepere
1759 3211 1815 3257 et
1852 3206 2087 3259 luminis
2124 3212 2492 3262 incrementa.

547 3308 778 3377 Quare
826 3308 1074 3370 durior
1120 3310 1543 3389 relinquitur
1589 3314 1699 3376 hic
1746 3334 2027 3377 versus:

753 3428 948 3495 XXVI,
987 3432 1114 3480 361:
1153 3430 1211 3479 in
1252 3430 1473 3482 Christo
1512 3434 1753 3485 Felicem
1793 3449 1963 3502 agere
2001 3438 2323 3501 insignique
2362 3446 2659 3503 potentem.

749 3533 828 3593 In
908 3552 1190 3599 caesura
1267 3546 1494 3600 autem
1573 3541 2138 3620 semiseptenaria
2216 3544 2414 3606 elisio
2492 3566 2627 3609 non
2711 3550 3013 3609 occurrit
3102 3551 3244 3611 nisi

541 3637 898 3700 encliticae
947 3646 1099 3720 ,que‘
1150 3640 1264 3720 (cf.
1295 3642 1541 3721 XVIII,
1577 3647 1755 3723 212);
1806 3666 2034 3725 quam,
2083 3650 2269 3727 quod
2320 3670 2455 3712 non
2508 3652 2922 3731 synaloepha
2971 3658 3239 3715 conecti

540 3760 695 3803 cum
744 3751 1076 3821 sequente
1123 3747 1366 3823 vocali,
1433 3750 1557 3810 sed
1603 3767 1799 3812 suam
1844 3754 2149 3815 vocalem
2201 3756 2521 3817 amittere
2570 3757 2820 3819 docent
2868 3757 2995 3819 viri
3044 3759 3233 3820 docti

539 3848 752 3924 (velut
800 3848 1087 3910 Mueller
1133 3869 1194 3930 p.
1245 3848 1415 3931 332),
1462 3852 1616 3915 aliis
1662 3856 1837 3917 locis
1884 3877 2019 3918 non
2067 3861 2523 3937 respeximus.

743 3952 1006 4015 Deinde
1039 3973 1122 4015 ne
1155 3958 1222 4016 in
1255 3956 1436 4018 thesi
1471 3960 1766 4038 quidem,
1816 3980 1995 4041 quae
2028 3965 2347 4042 sequitur
2379 3984 2755 4034 caesuram,
2806 3968 3231 4051 synaloephe

534 4055 798 4133 placuit
845 4058 1165 4136 Paulino;
1231 4080 1442 4141 quam
1507 4066 1595 4126 ob
1663 4084 1946 4129 causam
2011 4070 2222 4147 longa
2271 4073 2531 4133 vocalis
2580 4093 2713 4135 non
2763 4076 3047 4137 eliditur
3094 4080 3229 4139 nisi

533 4160 837 4235 XXVIII,
906 4170 983 4221 56
1054 4169 1242 4244 (qnae
1307 4165 1710 4249 austrudis),-
1777 4173 2049 4251 XXXII,
2120 4182 2196 4235 38
2267 4172 2379 4257 (de
2442 4177 2723 4255 ani·n1.a);
2786 4182 3028 4255 XVIII,
3098 4188 3221 4243 ‘289

529 4266 615 4335 (te
664 4263 875 4345 ipsum
921 4267 1004 4328 cf.
1055 4268 1321 4333 Hartel.
1368 4291 1430 4351 p.
1480 4276 1608 4351 63),
1678 4276 1915 4339 brevis
1962 4299 2165 4343 vero:
2235 4283 2479 4361 XVIII,
2547 4288 2669 4343 452
2740 4283 2886 4365 (tibi
2945 4284 3224 4369 adhuc),-

529 4369 738 4444 XXII,
791 4378 909 4431 108
961 4370 1166 4445 (mare
1212 4382 1269 4433 et
1314 4376 1542 4459 astra).

735 4475 906 4536 Item
959 4494 996 4537 a
1046 4475 1316 4561 quinta
1361 4479 1524 4548 arsi
1571 4492 1852 4547 arcetur
1888 4490 2145 4550 vocalis
2180 4491 2387 4571 longa
2422 4500 2581 4555 ante
2614 4497 2921 4559 vocalem
2952 4501 3215 4577 posita3

524 4579 712 4659 quod
747 4585 973 4641 tamen
1011 4584 1242 4661 potius
1276 4589 1583 4664 permitti
1616 4590 1894 4653 videtur
1926 4600 2089 4673 post
2137 4597 2543 4660 incisionem
2578 4600 3216 4682 semiseptenariam

522 4701 726 4761 quam
793 4692 952 4763 post
1016 4689 1602 4767 semiquinariam.
1695 4695 1868 4757 Nam
1934 4701 2141 4777 paulo
2189 4704 2465 4783 saepius
2512 4704 2701 4768 illam
2769 4728 2974 4788 quam
3041 4712 3219 4775 hanc

521 4790 839 4865 sequitur
902 4790 1110 4871 longa
1173 4796 1244 4855 in
1309 4796 1435 4858 hac
1500 4799 1638 4860 arsi
1702 4800 1893 4863 elisa.
1984 4804 2346 4871 Invenitur
2412 4814 2593 4874 enim
2658 4816 3077 4896 synaloephe
3142 4821 3213 4881 in
