3567 5109
1434 306 1863 370 ..59-

289 629 440 706 ΙΙΙ.
485 628 1358 727 Quemadmodum
1403 634 1944 716 verborum
2001 641 2465 717 accentus
2522 636 3003 717 rationem

1162 756 1614 837 habuerit
1665 758 2153 839 Paulinus

507 948 646 1007 lam
697 947 784 1010 ad
815 948 1013 1009 aliam
1049 956 1314 1029 partem
1349 956 1798 1027 transeamuS,
1846 970 2037 1030 quae,
2074 936 2144 1012 ‘si
2178 972 2315 1015 non
2350 954 2731 1030 iucundior,
2778 961 3002 1016 tamen

293 1057 402 1109 est
469 1054 738 1113 certior.
806 1052 1021 1123 Quam
1092 1054 1370 1133 quidem
1439 1058 1803 1119 certiorem
1872 1076 2007 1119 non
2075 1057 2248 1133 dice,
2315 1061 2509 1137 quasi
2575 1060 2752 1119 inter
2818 1062 3005 1120 viros

293 1154 548 1217 doctos
579 1154 664 1217 de
697 1159 768 1218 vi
799 1166 1119 1220 accentus
1153 1162 1518 1242 rhythmici
1553 1168 1837 1237 constet,
1886 1162 2007 1224 sed
2042 1163 2231 1241 quod
2280 1162 2475 1226 facile
2524 1166 2728 1224 statui
2762 1170 3007 1242 potest,

295 1260 416 1321 ubi
467 1264 786 1341 congruit
849 1272 1187 1341 accentuS,
1236 1284 1436 1344 quem
1489 1267 1948 1345 rhythmicum
1987 1268 2295 1343 dicimuS‚
2344 1286 2493 1330 cum
2535 1270 2671 1329 ictu
2706 1270 3007 1330 metrico.

295 1366 540 1443 Itaque
588 1370 907 1445 rationes,
954 1387 1123 1447 quas
1172 1370 1455 1433 Mueller
1502 1372 1590 1451 (p.
1641 1378 1760 1433 233
1789 1372 1963 1451 sqq.)
2015 1372 2257 1448 adfert,
2304 1374 2518 1433 secuti
2568 1392 2731 1447 rem,
2783 1373 3011 1451 quoad

295 1490 688 1547 possumne,
735 1473 1094 1536 absolvere
1143 1474 1590 1537 studebimus,

511 1577 636 1636 Per
681 1593 755 1637 se
801 1582 988 1655 patet
1035 1580 1526 1656 quaestionem,
1575 1598 1748 1659 quae
1798 1586 1901 1641 est
1949 1581 2033 1642 de
2098 1582 2382 1655 ratione,
2439 1599 2642 1659 quam
2691 1582 3011 1644 Paulinus

293 1680 670 1743 verborum
725 1688 1044 1743 accentus
1109 1683 1442 1760 habuerit,
1508 1686 1786 1746 maximi
1854 1702 2001 1746 esse
2068 1688 2415 1761 momenti,
2481 1685 2670 1764 quod
2726 1688 2831 1749 hic
2879 1690 3010 1749 iam

295 1786 619 1865 proxime
685 1786 949 1849 accedit
1015 1787 1098 1849 ad
1166 1806 1242 1849 ea
1308 1796 1638 1867 tempora,
1705 1789 1957 1867 quibus
2021 1790 2266 1869 politae
2334 1792 2584 1868 spretis
2634 1798 3013 1853 metrorum

295 1888 574 1968 legibus
658 1892 726 1951 in
793 1892 1210 1953 carminibus
1287 1892 1666 1954 condendis
1743 1893 1831 1954 ad
1906 1895 2128 1954 solum
2206 1893 2579 1955 verborum
2659 1895 3010 1957 accentum

297 2003 778 2074 respexerunt.
823 1995 1042 2067 Quam
1091 2000 1585 2075 quaestionem,
1634 2006 1970 2077 quatenus
2036 1998 2123 2059 ad
2170 1999 2349 2060 hunc
2396 2000 2667 2077 poetam
2729 2006 3013 2077 spectat,

297 2120 550 2181 magna
583 2120 735 2163 cum
771 2120 932 2164 cura
965 2101 1290 2163 tractabo
1340 2102 1851 2181 Aggrediamur
1884 2106 2094 2181 igitur
2126 2104 2211 2165 ad
2248 2122 2567 2165 versum
2604 2104 3012 2165 heroicum

297 2224 584 2269 caesura
631 2209 1118 2286 semiquinaria
1165 2206 1483 2282 divisum,
1532 2207 1616 2269 de
1665 2211 1859 2271 cuius
1908 2207 2177 2269 duabus
2224 2206 2537 2287 partibus
2586 2208 2677 2269 ita
2716 2225 3017 2285 agemus,

299 2318 376 2372 ut
425 2314 728 2391 primum
775 2330 872 2387 ea,
919 2329 1093 2390 quae
1141 2318 1301 2373 sunt
1349 2314 1526 2373 circa
1577 2315 1861 2389 initium,
1909 2312 2316 2375 adferamus.

511 2416 738 2495 Atque
791 2417 1111 2495 ‘primum
1181 2424 1642 2495 quartumque
1707 2417 1955 2496 pedem
2023 2437 2159 2481 uno
2224 2418 2561 2479 vocabulo
2619 2416 2805 2477 effici
2854 2416 3018 2477 nihil

295 2525 550 2584 vetare'
601 2521 956 2585 contendit
999 2520 1314 2583 Froehde
1335 2521 1397 2599 ¹).

511 2626 640 2687 Cui
706 2625 983 2704 quidem
1052 2628 1428 2687 sententiae
1503 2628 1806 2687 numeris
1886 2628 2091 2699 1119119,
2170 2644 2345 2705 quos
2424 2644 2507 2687 ex
2584 2627 3015 2705 singulorum

297 2732 661 2811 poetarum
706 2729 1124 2791 carminibus
1157 2730 1399 2806 adfert,
1447 2733 1736 2810 opponit
1767 2732 2023 2791 Birtius
2058 2732 2149 2809 (p.
2187 2730 2289 2812 15)
2340 2732 2799 2792 ‘invenustum
2836 2736 3017 2791 stare

301 2842 508 2913 atque
557 2837 742 2896 iners
791 2837 860 2895 in
909 2834 1083 2913 pede
1130 2836 1356 2913 primo
1393 2836 1681 2897 verbum
1717 2835 2185 2914 spondiaeum,
2234 2834 2421 2914 quod
2461 2852 2612 2896 cum
2652 2834 2785 2895 fine
2821 2834 3017 2912 pedis

302 2941 548 3001 finitur
612 2939 1201 3001 consentientibus
1251 2940 1681 3001 accentibus'.
1751 2938 1981 3000 ‘Haud
2029 2941 2264 3016 secuS,'
2314 2942 2553 3018 inquit,
2604 2938 3020 3017 ‘displicebit

302 3062 426 3124 pes
469 3049 758 3123 quartus
805 3044 1240 3123 spondiacuS,
1288 3047 1344 3105 si
1394 3044 1734 3105 antecedit
1782 3062 2120 3120 caesurae,
2170 3046 2275 3105 cui
2326 3061 2576 3105 nomen
2624 3043 3016 3105 bucolicae.'

305 3149 396 3210 Et
459 3152 528 3210 in
575 3168 638 3229 p.
695 3154 766 3207 19
832 3148 1186 3210 contendit
1256 3149 1403 3227 ‘per
1467 3153 1680 3209 totam
1746 3148 2134 3209 litterarum
2202 3148 2594 3209 Latinarum
2662 3150 3017 3209 historiam

305 3256 657 3317 molestias
721 3253 880 3315 illas
937 3254 1316 3315 formarum
1373 3252 1902 3332 spondiacarum
1969 3253 2052 3314 ab
2120 3251 2734 3331 inelegantioribus
2801 3254 3018 3330 magis

305 3359 644 3421 admissas
677 3376 846 3434 esse,
893 3360 1112 3437 magis
1159 3358 1412 3419 vitatas
1460 3357 1542 3417 ab
1593 3359 1874 3436 optimis
1908 3358 2151 3435 poetis
2200 3360 2289 3418 ita
2324 3362 2397 3417 ut
2428 3358 2607 3417 inter
2641 3355 3020 3417 nobiliores

309 3472 492 3527 certe
560 3464 768 3525 fuerit
831 3465 1034 3524 etiam
1101 3462 1328 3541 aliqua
1392 3464 1908 3541 progressionis
1974 3480 2099 3541 per
2164 3461 2433 3523 saecula
2481 3462 2906 3524 continuatio
2955 3468 3023 3521 et

306 3570 669 3648 poetarum
718 3584 1276 3646 unumquemque
1325 3566 1452 3627 hac
1497 3568 1567 3627 in
1614 3584 1690 3627 re
1738 3572 1993 3627 certam
2042 3583 2234 3627 suam
2283 3571 2559 3627 secutus
2608 3566 2697 3625 sit
2738 3583 3020 3627 consue-

307 3674 666 3735 tudinem.
704 3670 832 3735 ...’
895 3671 999 3734 Ad
1065 3688 1266 3751 quam
1346 3672 1751 3733 sententiam
1832 3671 2097 3733 accedit
2171 3669 2241 3731 L.
2290 3670 2589 3744 Mueller,
2666 3672 2780 3748 qui
2860 3668 3026 3730 dicit

311 3776 399 3857 (p.
467 3778 624 3856 240)
691 3783 1091 3840 accentuum
1158 3778 1508 3838 varietatis
1574 3793 1774 3837 causa
1844 3777 2003 3837 ‘non
2071 3792 2363 3853 prorsus
2444 3792 2595 3837 esse
2671 3773 3019 3835 laudatum

313 3884 612 3961 primum
661 3888 778 3944 aut
824 3886 1144 3961 quartum
1193 3880 1438 3960 pedem
1489 3880 1825 3960 dactylica
1874 3886 2192 3943 constare
2240 3896 2409 3941 voce
2446 3886 2514 3940 et
2546 3881 2771 3940 minus
2819 3880 3019 3940 etiam

312 3987 706 4067 spondiaca,
753 4005 886 4067 qua
933 3989 1136 4048 nimis
1184 3987 1454 4064 gravati
1501 4002 1578 4047 99
1608 3985 1859 4047 tardati
1894 3985 2085 4046 velut
2117 3984 2478 4063 pedestres
2512 3982 2683 4044 fiant
2717 3985 3021 4044 numeri.’

520 4092 948 4165 Quaerentes
989 4087 1221 4169 igitur,
1270 4108 1473 4168 quam
1508 4087 1830 4150 Paulinus
1862 4088 1987 4151 hac
2034 4091 2103 4149 in
2139 4107 2213 4149 re
2249 4095 2524 4149 secutus
2568 4090 2655 4148 sit
2692 4104 3023 4163 normam,

319 4202 434 4257 841
473 4195 815 4260 vocabula
848 4195 1182 4275 dactylica
1215 4197 1601 4256 invenimus
1637 4196 1704 4255 in
1739 4194 2021 4255 ineunte
2069 4211 2277 4254 versu
2328 4194 2723 4253 hexametro
2782 4194 3023 4271 posita.

317 4302 644 4383 Exceptis
691 4318 862 4364 vero
909 4298 1242 4363 CLXXIX
1288 4298 1603 4361 versibus
1669 4298 1992 4360 Paulinus
2058 4297 2272 4359 verbo
2342 4296 2717 4375 spondiaco
2786 4298 2906 4356 hac
2955 4298 3021 4355 in

321 4408 477 4469 sede
543 4408 878 4471 abstinuit
934 4413 1002 4467 et
1065 4405 1363 4484 demptis
1429 4403 1761 4480 versibuS,
1829 4403 1945 4464 ubi
2013 4404 2299 4465 consilio
2368 4411 2434 4463 et
2496 4408 2639 4463 arte
2718 4403 2784 4461 in
2864 4400 3026 4460 sede

323 4508 868 4594 prima'ponitur
914 4529 1052 4573 vox
1101 4508 1476 4589 spondiaca
1521 4544 1606 4553 —-
1654 4511 1770 4587 qui
1818 4524 2059 4569 versus
2094 4525 2233 4569 non
2280 4514 2441 4567 sunt
2488 4508 2686 4584 pauci
2734 4538 2813 4547 —
2865 4522 3026 4565 sane

325 4621 514 4682 valde
563 4609 900 4705 differunt
947 4614 1380 4693 dactylorum
1431 4620 1496 4675 et
1546 4612 2015 4693 spondeorum
2064 4612 2348 4673 numeri.

525 4814 579 4873 ²)'
605 4810 706 4862 eDe
743 4811 1076 4859 hexametro
1115 4808 1348 4871 Latino?
1390 4793 1582 4854 Philol‘
1634 4806 1729 4869 xl,
1771 4806 1923 4863 1856,
1962 4817 2014 4864 p.
2054 4806 2153 4851 533
2194 4806 2248 4850 et
2286 4804 2402 4849 538.
