3567 5109
1711 311 2194 374 -114—

587 521 819 604 spexit.
867 520 1100 604 Neque
1147 522 1425 586 multum
1472 521 1754 605 profecit
1792 519 2056 600 Goette,
2105 521 2218 603 qui
2262 521 2654 586 testimoniis
2700 528 2989 586 veterum
3038 521 3119 586 de
3170 527 3338 585 arte

585 629 840 711 tragica
885 629 1228 712 utriusque
1275 635 1510 712 poetae
1559 629 1945 710 antepositis
1994 629 2255 710 copiose
2309 628 2665 710 inquisivit,
2723 635 3046 712 quatenus
3092 635 3155 693 et
3206 651 3328 692 ve-

589 742 748 800 teres
795 742 856 800 et
896 737 1276 801 recentiores
1329 738 1464 800 riri
1519 735 1687 800 docti
1739 737 1815 799 de
1870 737 2213 819 utriusque
2269 737 2515 819 traqz'ea
2568 742 2813 800 natura
2858 741 3051 820 atque
3094 737 3337 800 indole

583 849 748 906 reete
783 843 1303 924 diiudicaverint,
1344 863 1704 907 sermonem
1744 848 1963 907 autem
2004 841 2376 906 summatim
2414 862 2801 925 percurrens
2837 864 2954 925 per
2990 850 3332 920 saturam,

585 954 661 1013 ut
705 949 802 1012 ita
850 948 1083 1027 dicam,
1151 950 1530 1015 remotiores
1579 949 1901 1032 quasdam
1950 970 1990 1013 a
2048 969 2343 1014 sermone
2390 948 2642 1013 urbano
2692 948 2939 1014 formas
2986 955 3054 1014 et
3098 955 3327 1014 struc-

585 1061 769 1120 turas
797 1055 1095 1121 contulit.
1144 1056 1506 1121 Kubikium
1538 1056 1838 1138 denique,
1879 1078 2027 1122 cum
2064 1077 2183 1138 pro
2217 1056 2682 1139 disputationis
2710 1057 2987 1121 materia
3014 1063 3333 1121 tantum·

584 1161 782 1228 modo
857 1184 1079 1227 versus
1151 1163 1331 1245 apud
1394 1161 1784 1228 Ciceronem
1859 1162 2139 1228 traditos
2202 1164 2575 1245 respiceret,
2652 1163 2993 1246 complura
3068 1162 3322 1248 reliqui

585 1269 824 1334 fecisse
870 1269 972 1334 vel
1019 1291 1136 1353 per
1183 1293 1250 1334 se
1297 1268 1722 1353 intellegitur.

799 1375 996 1461 Quod
1041 1378 1096 1440 si
1141 1379 1464 1443 rationem
1509 1377 1804 1455 reddam,
1874 1375 2425 1460 quemadmodum
2480 1377 2880 1459 provinciam
2926 1399 3139 1442 meam
3191 1378 3323 1442 ad-

583 1484 1072 1548 ministraturus
1118 1483 1258 1562 sim,
1302 1505 1456 1564 non,
1502 1483 1570 1548 id
1610 1482 1789 1566 quod
1826 1482 2065 1548 Holtze
2112 1481 2291 1560 fecit,
2340 1481 2548 1548 solam
2587 1483 3031 1567 exemplorum
3069 1506 3323 1568 conge·

497 1617 500 1626 ·
583 1591 747 1655 riem
794 1597 1045 1655 struere
1093 1591 1382 1655 animum
1427 1591 1677 1668 induxi,
1745 1582 1901 1672 quia
1958 1611 2075 1673 per
2130 1589 2492 1673 simplicem
2539 1593 3096 1658 enumerationem
3138 1592 3321 1657 nihil

584 1697 759 1762 effici
807 1718 1192 1781 persuasum
1236 1697 1468 1776 habe0,
1532 1697 1649 1762 sed
1695 1697 1895 1762 altius
1943 1697 2269 1781 inquirere
2318 1697 2561 1776 studui,
2628 1699 2683 1762 si
2730 1699 2994 1781 quando
3042 1701 3325 1766 occasio

511 1827 518 1835 ·
584 1805 654 1898 in
720 1803 1055 1869 officinam
1119 1803 1382 1888 linguae
1437 1804 1935 1887 introspiciendi
1989 1805 2149 1869 data
2202 1810 2321 1868 est.
2414 1803 2603 1888 Quae
2660 1812 2986 1890 quatenus
3048 1808 3323 1873 ratione

584 1909 1073 1994 psychologica,
1122 1933 1320 1994 quam
1367 1919 1623 1992 vocant,
1673 1911 2080 1995 explicentur
2126 1909 2600 1995 explorandum
2644 1913 2789 1977 erit.
2880 1912 3016 1979 Sed
3060 1937 3324 1997 magna.

582 2017 874 2101 profiteri
919 2017 1105 2098 nolo;
1163 2039 1317 2082 nam
1367 2018 1518 2083 licet
1561 2019 1692 2082 iam
1749 2020 1975 2084 tritum
2024 2019 2110 2082 sit
2154 2019 2579 2101 pronuntiare
2628 2020 2847 2084 omnia
2894 2023 2960 2085 in
3008 2043 3321 2088 sermone

581 2131 658 2190 ut
703 2125 771 2190 in
819 2147 1034 2190 rerum
1080 2132 1324 2190 natura
1371 2147 1525 2190 suas
1564 2147 1799 2190 causas
1836 2125 2100 2203 habere,
2147 2130 2367 2190 tamen
2404 2147 2538 2190 non
2576 2147 2749 2205 raro,
2800 2127 2855 2190 si
2890 2127 3319 2212 indagamuS,

584 2229 910 2315 quaenam
957 2233 1125 2297 ratio
1171 2232 1278 2297 hic
1325 2231 1460 2297 illic
1506 2231 1803 2311 valuerit,
1850 2231 2123 2298 consilia
2166 2238 2449 2314 torpent.

798 2338 985 2424 Quae
1034 2338 1210 2423 leges
1259 2339 1758 2424 psychologicae
1818 2345 2137 2422 quantum
2184 2339 2252 2403 in
2301 2360 2597 2404 sermone
2644 2338 2934 2422 pedestri
2979 2341 3317 2408 Italorum

581 2447 1040 2526 vetustissimo,
1069 2446 1386 2529 imprimis
1416 2448 1485 2511 in
1515 2447 1706 2530 copia
1733 2445 2098 2525 verborum,
2134 2446 2657 2526 attractionibus,
2690 2449 3320 2528 constructionibus,

584 2574 754 2639 quae
821 2553 1236 2618 adsensum
1301 2560 1634 2632 vocantur,
1699 2553 2041 2630 valuerint,
2110 2552 2268 2618 Otto
2326 2551 2799 2637 Altenburg-
2826 2555 2925 2642 (in
2982 2555 3317 2640 supplem.

582 2682 735 2726 ann.
773 2659 935 2744 phil.
974 2659 1231 2726 XXIV
1270 2662 1650 2744 485—533)
1700 2660 2049 2743 diligenter
2096 2661 2419 2742 quaesivit
2462 2666 2532 2726 et
2576 2660 2783 2726 multa
2828 2660 3044 2728 bonae
3092 2662 3315 2746 frugis

581 2767 883 2833 excussit.
929 2768 1014 2832 Id
1051 2787 1256 2831 unum
1294 2789 1444 2834 vero
1481 2767 1639 2832 mihi
1677 2789 1809 2832 non
1848 2767 2185 2850 probatur,
2235 2768 2412 2850 quod
2444 2769 2702 2851 copiam
2730 2767 3075 2833 verborum
3105 2770 3315 2834 etiam

579 2875 648 2938 in
696 2873 950 2957 legibus
997 2882 1064 2938 et
1108 2874 1477 2957 praeceptis
1527 2873 1614 2940 ad
1657 2881 1921 2939 anetam
1964 2875 2183 2939 animi
2224 2876 2716 2940 commotio-nem
2760 2874 3005 2940 referre
3052 2877 3311 2954 studet;

579 3003 814 3064 nempe
879 2982 992 3064 qui
1023 2999 1029 3005 ·
1057 2981 1234 3064 leges
1289 2981 1514 3046 ferunt
1560 2979 1661 3045 vel
1708 2977 2061 3065 praecepta
2112 2981 2293 3060 dant,
2358 3002 2493 3046 non
2539 2981 2758 3048 animo
2807 2980 3059 3048 fervido
3108 2983 3319 3048 verba

580 3088 858 3153 fundere
907 3087 1139 3168 solent,
1188 3089 1384 3153 immo
1422 3087 1708 3152 Romani
1746 3088 1831 3153 ob
1862 3109 2203 3168 summam,
2254 3109 2385 3172 qua
2415 3089 2516 3152 ius
2545 3088 2873 3169 colebant,
2898 3089 3311 3172 religionem

581 3194 878 3279 pluribus
916 3195 1109 3260 simili
1146 3196 1412 3260 notione
1450 3194 1786 3259 vocabulis
1816 3195 2338 3277 positis-omnem
2366 3195 2691 3275 fraudem,
2742 3217 2911 3278 quae
2943 3217 3024 3261 ex
3050 3195 3313 3280 legibus

579 3324 712 3367 non
761 3303 1086 3366 artissime
1136 3302 1637 3384 circumscriptis
1695 3308 1760 3366 et
1820 3301 2105 3384 definitis
2154 3303 2311 3366 oriri
2357 3303 2590 3385 potuit,
2640 3302 3081 3368 intercludere
3128 3301 3308 3368 vole·

577 3409 761 3474 bant.
809 3409 1064 3474 Eadem
1110 3410 1313 3492 igitur
1357 3409 1482 3473 hac
1520 3409 1588 3472 in
1627 3430 1694 3474 re
1735 3409 2061 3488 cautione,
2112 3430 2245 3492 qua
2290 3409 2358 3473 in
2398 3409 2667 3474 deorum
2706 3408 2889 3474 cultu
2924 3409 3307 3489 utebantur,

579 3539 728 3582 cum
777 3514 968 3580 deum
1017 3517 1398 3581 invocantes
1445 3515 1798 3581 formulam
1855 3516 2037 3580 illam
2094 3514 2455 3580 addebant:
2510 3517 2643 3580 siz-e
2688 3538 2817 3602 quo
2862 3519 2991 3582 alio
3038 3519 3315 3582 nomine

580 3630 640 3688 te
685 3623 1006 3708 appellari
1048 3625 1378 3688 volueris&

795 3727 929 3796 Sed
975 3730 1135 3794 satis
1182 3729 1524 3814 praefatus
1574 3751 1736 3794 sum.
1786 3729 1931 3794 Iam
1978 3735 2237 3813 tempus
2284 3735 2383 3794 est
2428 3730 2495 3794 in
2541 3729 2859 3794 harenam
2907 3729 3313 3795 descendere

577 3843 647 3902 et
690 3835 988 3921 experiri,
1037 3839 1199 3922 quid
1240 3839 1412 3922 ferre
1457 3843 1768 3919 recusent,
1818 3837 1979 3921 quid
2022 3839 2281 3902 vale-ant
2324 3838 2555 3902 umeri.

1045 4071 1052 4080 ’
1165 4104 1219 4186 Ι.
1275 4103 1382 4184 De
1435 4100 2069 4204 fragmentorum
2126 4099 2719 4203 orthographia.

790 4321 1033 4386 Poetas
1079 4324 1254 4383 recte
1301 4319 1546 4400 primos
1592 4315 1823 4399 populi
1870 4315 2217 4398 magistros
2264 4337 2407 4380 esse
2452 4315 2666 4394 aiunt3
2715 4315 2769 4379 si
2808 4336 2957 4380 vero
2997 4314 3305 4397 magistri

576 4433 732 4493 sunt
795 4426 989 4508 primi
1036 4431 1292 4509 poetae,
1359 4432 1435 4488 ut
1480 4431 1624 4488 erat
1667 4423 1848 4507 apud
1896 4423 2253 4502 RomanOS,
2312 4423 2558 4506 frigent
2604 4423 2860 4491 Musae.
2954 4420 3149 4487 Unde
3196 4419 3303 4486 vel

577 4533 821 4616 optime
867 4552 1108 4614 magna
1155 4531 1271 4595 illa
1308 4537 1584 4596 naturae
1623 4538 1823 4612 atque
1861 4527 2105 4594 indolis
2137 4529 2499 4608 diversitas,
2550 4551 2718 4612 quae
2756 4530 2931 4594 inter
2958 4528 3302 4594 Romanos

575 4644 644 4704 et
691 4636 984 4702 Graecos
1031 4643 1192 4715 erat,
1259 4636 1491 4716 elucet,
1552 4637 1730 4719 quod
1797 4636 1864 4699 hi
1922 4657 2001 4699 ex
2056 4637 2328 4718 perenni
2374 4637 2689 4701 historiae
2736 4633 3062 4700 fabularis
3108 4635 3303 4700 fonte

793 4812 812 4846 ¹
851 4812 1191 4866 Testimonia
1229 4812 1412 4865 adfert
1449 4811 1915 4879 Preller-Iordan,
1956 4811 2281 4866 ‘Ro‘mische
2318 4813 2697 4883 Mythologie'
2740 4813 2815 4867 1³
2852 4814 2921 4868 62
2960 4813 3019 4865 in
3056 4810 3184 4865 adn.
