3567 5109
631 1432 732 1510 ΙΙ.
792 1428 1052 1527 Quid
1109 1427 1230 1510 de
1287 1424 1680 1510 Graecis
1737 1425 2399 1525 Quintilianus
2452 1425 3055 1510 iudicaverit.

703 1623 1103 1688 Iuvenalem
1172 1623 1364 1702 quod
1412 1621 1716 1686 Graecas
1783 1621 2055 1684 litteras
2121 1641 2263 1686 non
2328 1623 2654 1704 neglexit,
2701 1623 2947 1685 eodem
2993 1621 3204 1684 modo

492 1750 631 1810 quo
677 1729 1184 1802 Quintilianum
1234 1728 1318 1791 de
1351 1727 1634 1790 Graecis
1675 1726 2021 1790 iudicasse
2053 1725 2258 1792 facile
2290 1730 2567 1792 ostendi
2596 1734 2845 1809 potest.
2892 1727 3203 1804 Namque

491 1837 599 1897 hic
646 1835 856 1914 longe
901 1833 1104 1896 aliter
1149 1839 1357 1912 atque
1403 1831 1725 1914 discipuli
1774 1830 1848 1896 L.
1898 1831 2109 1894 Plotii
2153 1832 2238 1895 de
2270 1832 2525 1896 litteris
2560 1832 2846 1896 Graecis
2878 1831 3203 1911 disputat.

493 1939 702 2018 Isque
747 1937 1050 2020 primum
1117 1935 1400 2016 quidem
1465 1953 1721 2017 pueros
1769 1935 2038 1999 Graeca
2100 1935 2341 2016 lingua
2403 1937 2871 2000 instituendos
2936 1953 3091 1998 esse
3136 1941 3207 1998 et

494 2043 843 2106 Romanos
888 2041 1164 2104 litteras
1212 2059 1376 2104 suas
1425 2039 1711 2104 Graecis
1767 2040 2025 2103 debere
2087 2041 2470 2104 arbitratus
2532 2048 2668 2114 est;
2747 2042 2821 2104 id
2865 2039 3205 2120 intellegi-

497 2155 614 2210 tur
667 2165 753 2210 ex
817 2147 988 2210 Inst.
1040 2164 1138 2208 or.
1191 2144 1226 2207 Ι
1297 2152 1346 2222 1,
1401 2147 1511 2208 12:
1580 2141 1642 2204 A
1703 2164 1984 2206 sermone
2051 2141 2295 2206 Graeco
2356 2164 2628 2229 puerum
2690 2143 2969 2228 incipere
3014 2140 3207 2215 male,

494 2253 650 2336 quia
681 2248 1010 2328 Latinum,
1044 2248 1158 2332 qui
1175 2245 1482 2334 pluribus
1529 2249 1598 2310 in
1642 2269 1764 2309 usu
1808 2255 1922 2327 eet,
1969 2246 2072 2310 vel
2098 2247 2274 2310 nobie
2304 2247 2657 2312 nolentibus
2681 2245 2981 2332 perbibet,
3016 2245 3213 2309 ei‘mul

493 2357 647 2440 quia
737 2351 1099 2438 disciplinis
1180 2375 1414 2436 quoque
1513 2352 1776 2414 Graecia
1866 2353 2055 2437 prius
2146 2351 2578 2418 instituendus
2666 2363 2773 2436 eet,
2880 2350 3048 2414 unde
3148 2360 3208 2414 et

497 2469 748 2524 nostrae
805 2457 1171 2542 fluxerunt.
1253 2453 1402 2518 Non
1483 2464 1691 2519 tamen
1766 2455 1884 2519 hoc
1957 2455 2113 2520 adeo
2187 2457 2618 2544 superstitiose
2666 2456 2833 2538 fieri
2873 2455 3087 2532 velim,
3133 2463 3205 2518 ut

499 2564 612 2628 diu
664 2573 914 2626 tantum
963 2559 1206 2625 Graece
1255 2559 1558 2648 loquatur
1601 2569 1715 2624 aut
1759 2558 1983 2640 discat,
2032 2560 2225 2625 sicuti
2264 2559 2584 2648 plerisque
2628 2561 2823 2624 morie
2868 2569 2977 2624 eet.
3032 2558 3207 2622 Hinc

504 2669 670 2732 enim
723 2665 1027 2730 accidunt
1089 2675 1147 2728 et
1209 2664 1339 2729 orie
1381 2663 1664 2752 plurima
1728 2665 1890 2728 vitia
1952 2666 2023 2728 in
2067 2667 2475 2752 pereqrinum
2538 2686 2754 2728 conum
2821 2663 3109 2750 corrupti
3149 2673 3209 2724 et

499 2772 821 2850 sermonis,
889 2769 996 2834 eui
1049 2792 1190 2832 cum
1241 2769 1528 2833 Graecae
1575 2769 1837 2856 fiqurae
1884 2769 2170 2834 adsidua
2232 2770 2688 2834 consuetudine
2732 2771 3091 2846 haeserunt,
3136 2769 3207 2830 in

503 2877 759 2940 diversa
791 2896 1026 2960 quoque
1076 2873 1374 2959 loquendi
1417 2875 1668 2938 ratione
1711 2875 2221 2962 pertinacissime
2268 2874 2523 2940 durant.
2572 2875 2648 2938 N
2646 2897 2727 2938 on
2776 2873 2951 2959 lonqe
2994 2873 3208 2956 itaque

497 2980 738 3045 Latina
769 2980 1057 3064 subsequi
1085 2978 1300 3043 debent
1339 2987 1398 3042 et
1432 2982 1553 3043 cito
1595 2983 1840 3066 pariter
1868 2981 1982 3043 ire.
2031 2979 2135 3042 Ita
2163 2979 2287 3062 fiet,
2332 2990 2423 3060 ut,
2454 3003 2617 3043 cum
2659 2977 2978 3068 aequali
3023 3000 3209 3041 eura-

501 3087 842 3171 linyuam
901 3093 1314 3174 utramque
1371 3084 1577 3148 titeri
1639 3085 2145 3170 coeperimus,
2208 3093 2483 3148 ‘neutra
2550 3084 2796 3148 alteri
2860 3081 3209 3170 offici-at.

498 3194 677 3257 Inde
722 3196 859 3256 iam
890 3193 1087 3256 vides
1119 3191 1626 3264 Quintilianum
1674 3211 1817 3256 non
1864 3193 2111 3256 eodem
2144 3194 2354 3256 modo
2390 3192 2475 3255 de
2508 3193 2937 3255 Graecorum
2970 3192 3209 3270 lingua

504 3305 572 3360 et
626 3298 881 3361 litteris
947 3298 1312 3378 cogitasse,
1378 3315 1517 3376 quo
1564 3298 1883 3360 rhetores
1931 3297 2239 3361 Latinos.
2318 3299 2406 3361 Et
2452 3298 2601 3360 eius
2667 3297 2885 3360 verba
2948 3298 3211 3376 optime

503 3405 948 3465 consentiunt
994 3389 1149 3464 cum
1201 3403 1318 3480 eie,
1367 3419 1542 3482 quae
1576 3402 1909 3482 leguntur
1956 3403 2138 3482 apud
2186 3401 2595 3466 Ciceronem
2642 3402 2827 3464 Part.
2876 3407 3049 3464 orat.
3094 3401 3127 3462 I
3172 3406 3203 3459 1

507 3502 765 3584 Studeo,
814 3505 905 3566 mi
935 3514 1146 3589 pater,
1178 3503 1410 3567 Latine
1457 3525 1536 3566 ex
1584 3513 1641 3566 te
1686 3503 1917 3567 audire
1948 3527 2048 3582 ea,
2084 3526 2245 3592 quae
2276 3503 2435 3567 mihi
2462 3515 2531 3567 tu
2564 3503 2649 3567 de.
2672 3505 2922 3568 ratione
2954 3500 3215 3566 dicendi

506 3607 747 3672 Graece
803 3607 1150 3676 tradidisti.
1206 3611 1712 3684 Quintilianum
1767 3613 1841 3675 in
1902 3619 2050 3676 arte
2096 3614 2444 3677 rhetorica
2490 3631 2769 3693 semper
2815 3609 3211 3690 respexisse

502 3716 809 3780 Graecos
849 3735 1110 3796 eosque
1157 3719 1391 3779 multis
1438 3717 1607 3780 locis
1651 3716 1977 3781 laudasse
2022 3719 2397 3782 ostendunt
2461 3720 2805 3800 permulta
2869 3715 3211 3794 exempla,

503 3838 803 3899 quorum
859 3821 1196 3883 nonnulla
1263 3827 1788 3901 proponantur:
1852 3823 2021 3885 Inst.
2093 3840 2192 3886 or.
2242 3822 2277 3885 I
2321 3841 2425 3904 pr.
2474 3828 2505 3880 1
2556 3818 2699 3882 Diu
2742 3841 2882 3881 eum
2926 3815 3212 3902 equ-idem

500 3921 872 4004 reluctatus,
926 3921 1099 4009 quod
1152 3931 1445 3986 auctores
1505 3924 1840 4010 uti-iusque
1908 3922 2155 4010 linquae
2226 3925 2303 4005 (i.
2357 3947 2405 3989 e.
2459 3923 2732 3988 Latinae
2782 3932 2840 3986 et
2894 3921 3211 4004 Graecae)

505 4026 889 4090 clarissimos
947 4049 1072 4090 non
1129 4026 1497 4113 iquorabam
1557 4027 1789 4108 multa,
1846 4051 2011 4117 quae
2065 4028 2151 4091 ad
2204 4027 2317 4092 hoc
2370 4051 2531 4114 opus
2567 4029 2979 4114 pertinerent,
3026 4025 3105 4090 di
3120 4025 3210 4088 ze?-

485 4119 934 4215 '9ent1'83ime
997 4133 1237 4215 scripta
1292 4134 1572 4217 posteris
1614 4133 1991 4221 reliquieee;
2053 4138 2105 4214 Ι,
2153 4143 2191 4198 4
2242 4143 2273 4196 1
2328 4134 2586 4197 Primae
2634 4135 2705 4198 in
2749 4147 2836 4214 eo,
2887 4133 3004 4220 qui
3050 4129 3211 4194 ecri-

505 4235 694 4298 bendi
724 4235 1081 4321 leyendique
1127 4236 1398 4321 adeptus
1441 4238 1562 4301 erit
1576 4238 1985 4326 facultate-m,
2030 4240 2434 4325 yrammatici
2462 4249 2549 4302 eet
2585 4238 2781 4304 locus.
2831 4237 2968 4300 Nec
3013 4237 3213 4323 refert

504 4339 578 4403 de
649 4339 891 4405 Graeco
955 4363 1042 4404 an
1105 4339 1180 4404 de
1247 4340 1480 4406 Latino
1549 4343 1797 4430 loquar,
1894 4366 2281 4430 quamquam
2362 4341 2677 4407 Graecum
2736 4364 2866 4408 esse
2938 4343 3209 4429 priore-m

496 4445 765 4531 placet.
798 4469 849 4525 .,·
911 4450 945 4511 Ι
995 4456 1051 4524 5,
1102 4455 1182 4510 32
1233 4455 1292 4510 et
1341 4446 1462 4511 illa
1514 4471 1645 4534 per
1693 4471 1875 4512 sonos
1922 4448 2251 4529 accidunt,
2303 4471 2461 4532 quae
2510 4447 2931 4512 demmietrari
2972 4448 3214 4530 ecoipto

504 4573 632 4614 non
685 4561 978 4636 poscunt,
1055 4553 1224 4614 vitia
1297 4556 1432 4618 orie
1506 4563 1566 4616 et
1646 4553 1930 4638 lin-quae:
2015 4557 2447 4639 ἰωτακισμούς
2512 4564 2570 4616 et
2643 4556 3085 4638 μυτακισμούς
3159 4560 3216 4612 et

507 4659 988 4742 λαβδακισμούς
1031 4668 1089 4719 et
1135 4659 1509 4743 ἰσχνότητας
1539 4668 1597 4720 et
1626 4663 2102 4743 πλατειασμούς
2130 4658 2473 4746 feliciores
2499 4659 2825 4746 fiii-qenais
2854 4657 3216 4722 nominibus

515 4759 747 4823 Graeci
804 4771 1054 4840 vocant,
1134 4761 1300 4826 sicut
1369 4767 1845 4847 κοιλοστομίαν.
1907 4766 1941 4827 Ι
1987 4775 2040 4842 5,
2084 4771 2163 4826 58
2227 4763 2335 4826 sed
2403 4765 2554 4828 haec:
2624 4765 2857 4828 divisio
2928 4785 3071 4826 mea-
3131 4761 3217 4828 ad
