3567 5109
1439 282 1882 345 -85-

297 494 742 579 interpretans
783 494 1109 559 divinitus
1154 494 1323 557 mila·
1363 493 1599 575 iuberi,
1646 494 1786 557 nisi
1827 499 1907 557 ut
1948 492 2270 577 aperirem
2315 492 2590 557 codicem
2634 498 2696 556 et
2739 494 3022 576 leyerem,

299 602 473 685 quod
504 601 809 686 primum
853 606 1052 685 caput
1092 600 1487 665 invenissem
1528 652 1541 665 .
1589 651 1602 664 .
1648 649 1661 663 .
1710 598 2015 684 Arripui,
2061 599 2297 683 aperui
2347 604 2409 662 et
2461 598 2586 683 leyi
2633 598 2713 661 in
2765 598 3024 663 silentio

298 708 683 792 capitulum,
729 729 857 792 quo
892 708 1197 792 primum
1232 707 1503 773 coniecti
1535 712 1696 771 sunt
1730 707 1905 771 oculi
1937 706 2092 771 mei:
2143 705 2325 769 ‘Non
2365 706 2444 769 in
2487 704 3024 770 comisationibus

300 820 362 879 et
414 815 853 897 ebrietatibus,
908 836 1047 879 non
1098 815 1177 878 in
1220 814 1551 879 eubilibus
1595 820 1657 879 et
1697 813 2134 899 inpudicitiis,
2189 833 2325 877 non
2377 812 2454 875 in
2509 812 2911 877 contentione
2966 817 3030 875 ct

299 922 751 1005 aemulatione,
796 923 909 987 sed
948 922 1205 986 induite
1259 921 1627 986 Dominum
1672 922 1895 985 Iesum
1935 920 2272 985 Christum
2315 925 2378 983 et
2418 919 2640 984 camis
2674 920 3022 1003 providen-

300 1028 465 1093 tiam
500 1050 583 1092 ne
606 1028 891 1112 feceritis
924 1028 1002 1093 in
1038 1028 1603 1112 eoncupisemtiaezs’
1623 1029 1665 1093 ¹.
1715 1028 1850 1092 Nec
1883 1028 2066 1091 ultra
2099 1026 2281 1092 volui
2316 1027 2510 1110 leyere
2535 1046 2652 1089 nec
2678 1046 2844 1109 opus
2870 1030 3026 1091 erat.

306 1134 547 1199 Statim
592 1135 831 1220 quippe
875 1156 1025 1199 cum
1068 1136 1206 1218 fine
1251 1135 1518 1199 huiusce
1561 1135 1916 1199 sententiae
1960 1134 2155 1218 quasi
2200 1134 2334 1198 luce
2380 1132 2748 1197 securitatis
2791 1131 3026 1215 infusa

300 1242 481 1305 cordi
524 1262 660 1306 meo
705 1263 926 1307 omnes
970 1241 1402 1306 dubitationis
1449 1242 1743 1305 tenebrae
1787 1241 2210 1325 diffuyerunt.

515 1365 644 1431 Illo
703 1366 809 1431 die
868 1370 1009 1430 sine
1066 1365 1267 1431 dubio
1313 1368 1631 1430 terminus
1676 1368 1945 1430 maximi
1993 1367 2306 1430 momenti
2351 1367 2422 1427 in
2467 1362 2828 1446 Augustini
2872 1364 3029 1439 vita,

302 1476 563 1538 ratione
611 1473 933 1552 discendi,
982 1472 1285 1552 docendi,
1334 1471 1688 1552 scribendi,
1737 1471 1982 1554 agendi
2027 1473 2424 1537 constitutus
2469 1476 2588 1535 est.

516 1596 755 1663 Restat
792 1598 1015 1681 igitur,
1048 1605 1126 1663 ut
1162 1597 1242 1661 de
1283 1601 1425 1661 eius
1462 1596 1718 1676 studiis,
1759 1596 2000 1680 quibus
2036 1596 2419 1661 brevissimo
2457 1594 2596 1675 illo,
2637 1594 2818 1680 quod
2854 1597 3028 1658 inter

300 1702 490 1769 illum
528 1703 703 1769 diem
749 1713 947 1788 atque
987 1703 1249 1769 Pascha
1285 1707 1445 1768 anni
1484 1706 1633 1769 387.
1674 1707 2067 1783 intercessit,
2113 1710 2408 1786 tempore
2457 1707 2815 1785 occupatus
2861 1707 3025 1778 erat,

300 1832 519 1894 pauca
564 1811 907 1877 addamne.

519 1934 744 2021 Atque
808 1938 1193 2019 paucissimi
1260 1943 1652 2019 supererant
1725 1934 1868 1999 dies
1933 1933 2018 2000 ad
2081 1933 2288 2000 ferias
2352 1932 2802 2013 vindemialeS,
2878 1953 3026 1997 cum

305 2040 719 2125 Augustinus
766 2043 991 2108 taedio
1048 2042 1210 2107 artis
1256 2040 1627 2107 rhetoricae
1672 2047 2010 2125 permotus
2069 2061 2339 2106 munere
2385 2040 2674 2106 rhetoris
2720 2060 2789 2105 se
2839 2038 3027 2104 abdi-

303 2155 570 2215 caturus
617 2150 816 2214 erat².
908 2149 1159 2215 Laetus
1213 2156 1367 2232 post
1420 2147 1838 2213 intervallum
1892 2148 2060 2214 illud
2107 2149 2342 2231 viginti
2387 2146 2528 2212 fere
2576 2148 2831 2212 dierum
2878 2167 3026 2211 cum

304 2258 537 2320 amicis
582 2254 851 2341 Alypi0,
898 2255 1221 2335 LicentiO,
1267 2255 1670 2320 Romaniani
1715 2253 1874 2334 filio,
1929 2254 2261 2339 Trygetio,
2319 2253 2738 2321 adulescente
2796 2251 3025 2330 nobili,

116 2420 125 2427 .
226 2434 241 2443 ,
304 2362 454 2427 aliis
498 2363 569 2427 in
614 2361 839 2427 villam
866 2362 1269 2443 Verecundi,
1309 2365 1469 2428 civis
1497 2360 2020 2427 Mediolanensis
2058 2360 2577 2440 familiarissimi,
2618 2382 2689 2426 se
2729 2358 3025 2426 contulit.

302 2468 449 2533 Iam
512 2491 667 2536 vero
715 2469 1031 2554 Alypium
1086 2476 1305 2535 aetate
1360 2473 1840 2554 provectiorem
1895 2476 1963 2534 et
2006 2468 2430 2553 philosophia
2473 2474 2614 2532 tum
2660 2466 2858 2549 plane
2908 2469 3026 2530 im-

302 2574 536 2641 butum
597 2576 799 2641 fuisse
864 2575 1064 2661 paulo
1129 2597 1333 2659 supra
1390 2576 1777 2642 audivimus
1869 2574 2216 2641 Licentius
2280 2582 2502 2641 autem
2557 2581 2626 2639 et
2679 2573 3028 2658 'frygetius

302 2683 673 2749 studiorum
718 2705 921 2749 causa
967 2683 1416 2767 Augustinum
1461 2687 1671 2749 secuti
1717 2704 1860 2748 esse
1909 2683 2242 2763 videntum
2310 2681 2550 2765 quibus
2597 2685 2734 2747 ruri
2781 2679 3024 2763 degen-

302 2790 483 2855 tibus
534 2790 645 2855 hic
700 2790 943 2857 cotidie
1000 2795 1298 2855 carmina
1341 2788 1626 2873 Vergilii
1682 2789 1965 2873 legenda
2020 2796 2088 2855 et
2144 2788 2644 2873 interpretanda
2699 2806 3024 2871 propone-

304 2896 439 2961 bat.
532 2895 665 2962 Sed
730 2904 903 2962 certe
970 2897 1038 2962 hi
1103 2896 1560 2961 adulescentes
1634 2899 1765 2961 iam
1830 2900 1900 2960 in
1966 2896 2218 2962 artibus
2291 2894 2678 2961 liberalibus
2750 2892 3024 2957 multum

303 3002 746 3087 profecerant,
797 3008 955 3088 quia
1001 3004 1417 3088 Augustinus
1466 3024 1577 3068 eos
1626 3024 1882 3068 summa
1930 3007 2221 3069 omnium
2277 3006 2534 3080 artium,
2590 3000 3028 3086 philosophia,

305 3110 568 3175 initiare
616 3110 925 3176 studuit⁸.

520 3235 745 3320 Atque
794 3236 1154 3303 Hortensio
1202 3242 1269 3301 et
1316 3240 1456 3301 sine
1504 3235 1706 3302 dubio
1755 3234 1906 3301 aliis
1955 3256 2217 3322 quoque
2268 3235 2608 3301 Ciceronis
2653 3234 2861 3313 libris,
2913 3238 3028 3317 qui

306 3342 393 3405 ad
439 3341 927 3427 philosophiam
964 3349 1289 3425 spectant,
1334 3340 1647 3427 perlectis
1675 3342 2111 3425 AugustinuS,
2162 3348 2236 3408 ut
2271 3340 2632 3425 discipulos
2670 3348 3028 3419 exerceret,

306 3453 573 3533 saepius
618 3471 767 3515 cum
814 3450 1059 3529 amicis,
1106 3456 1339 3529 matre,
1388 3448 1919 3515 adulescentibus
1970 3449 2346 3533 disputavit.
2427 3446 2542 3513 Sic
2588 3451 2716 3513 orti
2761 3455 2916 3514 sunt
2961 3447 3030 3512 in

306 3555 465 3620 villa
512 3556 893 3623 Cassiciaca
946 3555 1378 3639 pulcherrimi
1430 3554 1533 3620 illi
1580 3554 1847 3640 dialogi,
1914 3559 2030 3639 qui
2078 3556 2167 3620 ad
2214 3556 2385 3620 hanc
2433 3575 2696 3640 quoque
2743 3560 3028 3620 aetatem

304 3670 773 3745 pervenerunt:
830 3662 1037 3727 libros
1076 3663 1223 3728 dico
1262 3662 1515 3729 Contra
1554 3662 1996 3728 Academicos
2041 3670 2196 3741 treS,
2243 3662 2348 3727 De
2395 3660 2595 3727 beata
2632 3665 2767 3726 vita
2803 3682 3026 3739 unum,

304 3768 412 3833 De
452 3769 682 3834 ordine
722 3769 905 3833 duos.
953 3766 1125 3834 Sunt
1161 3775 1336 3834 certe
1364 3768 1523 3833 libri
1552 3769 1941 3853 dignissimi,
1984 3772 2102 3853 qui
2127 3768 2452 3851 legantur,
2489 3788 2639 3832 cum
2665 3767 3028 3851 Augustini

306 3882 377 3941 et
428 3876 887 3960 philosophiae
943 3877 1273 3943 amorem*¹
1318 3884 1387 3943 et
1430 3880 1500 3941 in
1548 3875 1936 3942 Ciceronem
1982 3875 2462 3961 Platonemque
2510 3879 2828 3957 pietatem
2875 3895 3026 3956 pro-

524 4104 542 4139 ²
584 4105 749 4159 Rom.
792 4106 873 4172 13,
915 4106 981 4161 13
1020 4124 1099 4175 sq.

524 4211 546 4245 ²
582 4212 827 4267 Confess.
864 4212 955 4267 IX
991 4214 1043 4267 2.

524 4318 545 4352 ³
583 4319 794 4373 Contra
830 4320 1011 4373 Acad.
1049 4318 1082 4373 I
1122 4320 1169 4387 1,
1209 4321 1261 4373 4.

523 4426 546 4460 ⁴
582 4424 689 4479 His
746 4427 896 4479 enim
950 4425 1151 4495 verbis,
1201 4443 1341 4495 quae
1398 4424 1543 4478 libro
1600 4425 1780 4493 primo
1819 4424 2031 4478 Contra
2067 4423 2438 4477 Academicos
2483 4424 2692 4491 scripto
2739 4422 3026 4491 praemisit

306 4514 719 4570 Romanianum
767 4515 1125 4569 adhortatur:
1188 4514 1425 4583 E'r-iqila,
1464 4514 1681 4583 eviqi-la,
1719 4532 1814 4568 oro
1850 4519 1925 4577 tc,·
1964 4514 2217 4577 nndtum,
2257 4513 2402 4566 mihi
2436 4513 2601 4578 erede,
2643 4511 3029 4581 qratulabem‘s,

307 4606 451 4673 quod
496 4622 671 4674 paene
705 4604 881 4659 nullis
919 4604 1398 4675 prosperitatibus,
1451 4604 1649 4673 quibus
1704 4608 1954 4657 tenentur
1989 4603 2225 4672 incauti,
2280 4603 2483 4657 mundi
2524 4602 2692 4655 huius
2739 4600 2850 4654 tibi
2884 4601 3032 4655 dona

308 4693 565 4748 blandita
608 4699 755 4748 sunt.
820 4694 971 4759 Quae
1004 4712 1091 4749 me
1126 4693 1153 4748 i
1150 4711 1319 4764 psum
1355 4710 1543 4762 capere
1587 4692 1956 4746 moliebantur
2001 4692 2203 4746 cotidie
2247 4692 2363 4746 ista
2404 4696 2731 4759 cantantem,
2778 4690 2903 4744 nisi
2945 4707 3031 4743 me

302 4782 541 4853 pectoris
594 4782 746 4836 dolor
799 4790 1075 4838 ventosam
1115 4782 1515 4852 professionem
1562 4781 1772 4835 abicere
1817 4787 1866 4835 et
1911 4781 1980 4835 in
2019 4780 2404 4851 philosophiae
2435 4781 2712 4851 premium
2746 4779 3031 4849 eonfuyere
