3567 5109
1599 323 2033 386 ...94-

1715 519 1893 565 status

1046 650 1119 688 an
1155 638 1265 688 sit?
2300 634 2474 696 quale
2509 633 2614 682 sit?

1035 721 1833 752 ἡ*-

603 759 930 810 coniectura
1478 761 1664 810 ’linitio
2314 757 2556 820 qualitas

1982 842 2961 871 m

2028 897 2117 932 res
2638 881 2911 941 scriptum

647 881 1040 1245 JK
2523 1021 2597 1070 1v
2635 946 2825 1083 part'es
2870 1018 3076 1081 legales

2454 1090 2708 1149 (exclusa
2745 1089 3139 1156 translatione)

467 1267 756 1331 quantitas
869 1267 1070 1316 mentis
1109 1267 1368 1328 quaestio

675 1460 894 1521 Iulius
945 1464 1174 1521 autem
1223 1458 1661 1534 SeverianuS,
1709 1457 1829 1536 qui
1877 1463 2187 1520 statuum
2235 1457 2625 1519 doctrinam
2674 1456 2926 1519 leviter
2972 1455 3175 1516 attin-

468 1566 567 1644 git
599 1582 681 1626 eo
714 1565 886 1638 loco,
920 1582 1058 1643 quo
1106 1564 1192 1627 de
1227 1573 1802 1642 argumentorum
1838 1562 2123 1626 sedibus
2172 1561 2333 1641 agit,
2367 1564 2530 1625 haec
2565 1561 2813 1624 scribit
2827 1561 2901 1640 ¹):
2948 1555 3177 1620 Status

468 1674 593 1727 tres
635 1673 804 1731 sunt.
881 1665 941 1729 U
943 1665 1024 1745 bi,
1086 1664 1254 1750 quod
1297 1688 1339 1727 a
1403 1676 1459 1728 te
1505 1666 1771 1750 factum
1816 1663 2107 1748 obicitur,
2156 1687 2364 1750 110908,
2412 1666 2773 1727 coniectura
2835 1670 2955 1725 est:
3044 1661 3174 1741 uhi,

470 1768 636 1857 quod
674 1792 717 1831 a
752 1779 808 1834 te
832 1772 1395 1857 factum,fateris,
1425 1779 1514 1833 set
1542 1791 1734 1857 negas
1762 1792 1903 1834 eam
1932 1771 2060 1833 vim
2106 1771 2381 1832 nominis
2425 1769 2668 1850 habere,
2717 1791 2904 1854 quam
2948 1765 3173 1830 adver-

472 1875 694 1938 sarius
715 1875 1109 1955 criminatur,
1122 1877 1304 1962 finis
1333 1885 1455 1938 ent:
1477 1885 1548 1938 at
1576 1877 1636 1938 si
1663 1897 1858 1959 neque
1890 1875 1965 1938 de
1980 1877 2170 1962 facto
2202 1897 2395 1960 neque
2426 1875 2501 1937 dc
2533 1876 2782 1938 nominc
2813 1871 3175 1958 ambiyitur,

471 1979 580 2042 secl
609 1981 748 2043 iure
772 1980 1029 2065 factum
1057 1979 1397 2060 contendis⁹
1426 1979 1702 2065 qualitas
1728 1981 2116 2046 nominatur.
2150 2017 2228 2028 —
2264 1979 2701 2067 Infinitivo
2720 1988 2924 2042 statu
2958 1999 3175 2062 quae-

471 2085 675 2146 ritur
693 2107 736 2146 a
751 2105 790 2146 n
811 2107 842 2145 8
857 2087 881 2148 ἰ
891 2095 932 2161 t,
947 2095 1112 2170 puta
1135 2086 1452 2148 inminuta
1471 2087 1772 2148 maiestas
1783 2089 1854 2166 ²).
1882 2124 1953 2134 —
1982 2085 2061 2148 In
2084 2084 2391 2170 qualitate
2405 2107 2532 2170 per
2555 2085 2977 2148 coniecturam
2988 2103 3173 2166 quae-

471 2189 639 2250 ritur
659 2187 842 2272 quale
861 2191 960 2262 sit,
983 2191 1094 2252 hoc
1115 2200 1222 2268 est,
1253 2201 1461 2253 utinm
1485 2190 1887 2278 iurefactum
1920 2191 2104 2253 sitan
2126 2190 2375 2254 iniuria
2390 2195 2456 2270 ³).
2492 2191 2684 2264 Quae
2706 2198 2862 2272 apte
2886 2190 2974 2254 ad
2993 2191 3173 2252 hanc

472 2296 771 2358 formam
819 2297 1144 2376 redigere
1189 2315 1590 2378 possumus:

1728 2441 1905 2486 status

995 2554 1065 2590 an
1102 2542 1211 2590 sit?
2238 2542 2411 2603 quale
2446 2542 2553 2591 sit?

509 2663 832 2715 coniectura
1561 2664 1694 2714 finis
2276 2663 2517 2726 qualitas

681 2839 1101 2901 Severianus
1139 2839 1370 2918 igitur,
1406 2857 1825 2918 quamquam
1856 2840 1945 2916 id,
1997 2839 2184 2919 quod
2240 2839 2321 2902 de
2353 2839 2483 2900 hac
2517 2857 2591 2901 re
2627 2839 2811 2915 dicit,
2861 2837 3175 2916 excerpti

476 2943 775 3023 speciem
840 2960 1006 3023 prae
1074 2960 1147 3004 se
1212 2941 1369 3014 fert,
1436 2943 1644 3005 etiam
1710 2945 1841 3005 hoc
1889 2943 2042 3006 loco
2108 2949 2317 3022 atque
2363 2943 2495 3005 hac
2543 2942 2695 3022 ipsa
2742 2943 2814 3004 111
2879 2960 2973 3020 10,
3040 2959 3176 3020 qua

477 3031 944 3120 Quintilianus
1001 3045 1278 3109 Celsum
1347 3064 1387 3108 a
1450 3047 1700 3110 ceteris
1769 3046 2178 3110 discessisse
2240 3052 2555 3123 testatur,
2613 3046 2793 3109 hunc
2840 3047 3175 3126 sequitur.

479 3156 715 3232 Neque
763 3153 948 3215 0111111
997 3152 1284 3214 dubium
1334 3169 1486 3214 esse
1550 3158 1800 3232 potest,
1869 3155 2034 3232 quin
2100 3153 2251 3216 eius
2298 3151 2512 3215 verba
2578 3151 2647 3212 in
2685 3149 2962 3236 finitivo
3006 3155 3176 3212 statu

477 3256 816 3342 quaeritur
859 3275 954 3316 an
985 3253 1098 3336 sit,
1146 3263 1307 3337 puta
1338 3254 1660 3318 inminuta
1697 3255 1999 3318 maiestas
2045 3259 2131 3321 ad
2164 3257 2369 3320 huius
2416 3257 2500 3320 fr.
2534 3261 2587 3319 6.
2620 3257 2989 3321 referenda
3021 3257 3179 3319 sint.

477 3361 676 3434 Quod
745 3381 885 3424 non
950 3361 1451 3426 animadvertit
1516 3362 2187 3440 Reitzensteiniu54),
2264 3363 2385 3442 qui
2450 3361 2908 3425 Severianum
2974 3361 3175 3424 aliam

475 3474 682 3546 atque
729 3466 1003 3530 Celsum
1062 3467 1394 3546 opinatur
1442 3485 1843 3548 proponere
1890 3474 2199 3532 statuum
2249 3467 2662 3539 doctrinam,
2731 3484 2939 3546 quam
2988 3465 3176 3528 Cice-

478 3572 843 3633 ronianam
887 3587 1038 3633 esse
1085 3572 1345 3651 colligit
1400 3590 1484 3634 ex
1534 3571 1723 3634 Orat.
1777 3578 1888 3633 45:
1958 3569 2134 3632 Nam
2200 3569 2499 3656 quoniam
2550 3569 2817 3657 quiquid
2862 3579 2964 3650 cst,
3010 3569 3180 3657 quod

478 3675 548 3735 in
617 3673 1036 3736 controversia
1101 3681 1216 3735 aut
1277 3675 1347 3736 in
1411 3675 1797 3736 contentione
1842 3683 2141 3749 versetur,
2196 3676 2266 3737 in
2312 3696 2381 3736 eo
2429 3683 2545 3736 aut
2588 3675 2787 3736 sitne
2831 3684 2943 3737 aut
2990 3673 3179 3762 quid

480 3779 578 3843 sit
624 3786 742 3840 aut
789 3776 999 3860 quale
1065 3778 1166 3840 sit
1212 3778 1545 3864 quaeritur
1590 3801 1646 3866 q.
1691 3803 1738 3844 ε.
1810 3782 2013 3853 Quod
2078 3782 2260 3844 hunc
2308 3784 2533 3844 virum
2604 3782 2882 3844 doctum
2947 3781 3175 3844 minus

481 3890 670 3947 recte
716 3889 1044 3948 statuisse
1092 3903 1177 3947 ex
1227 3886 1329 3961 iis»,
1380 3903 1557 3964 quae
1605 3905 1818 3966 supra
1868 3889 2291 3967 scripsim11S‚
2340 3894 2644 3966 apparet.

685 3988 821 4051 Sed
880 3989 1010 4051 alia
1065 4007 1196 4066 reS,
1256 4007 1464 4069 quam
1521 3995 1712 4053 viros
1769 3992 2013 4054 doctos
2073 3992 2336 4070 fugisse
2393 3992 2728 4071 opinor-³),
2785 4010 2921 4054 non
2979 3991 3176 4052 omit-

479 4095 691 4156 tenda
739 4095 1018 4157 videtur
1067 4112 1238 4157 esse.
1289 4097 1455 4157 Nam
1506 4113 1684 4174 quae
1731 4097 1949 4159 Iulius
1998 4095 2416 4159 Severianus
2464 4099 2549 4158 de
2598 4096 2738 4158 fine
2788 4095 3179 4176 disputatss),

691 4289 728 4348 ι)
767 4299 821 4348 p.
858 4289 978 4352 361,
1020 4289 1079 4336 11
1103 4299 1171 4339 ss.
1211 4287 1329 4349 (Η.)

691 4375 730 4434 2)
769 4387 822 4436 p.
860 4376 979 4437 363,
1019 4377 1064 4424 1.

689 4461 729 4521 ³)
769 4473 820 4522 p.
861 4462 979 4523 364,
1017 4463 1152 4522 5sq.

599 4551 606 4560 “
687 4548 731 4608 ⁴)
769 4562 822 4610 p.
861 4549 943 4598 56.

690 4637 728 4696 ὃ)
767 4635 906 4684 Nam
947 4649 1016 4684 110
1055 4635 1114 4684 C.
1163 4633 1420 4685 Halmius
1459 4636 1688 4698 quidem
1728 4638 2035 4704 quicquam
2082 4637 2192 4687 nisi
2232 4638 2549 4699 exemplum
2592 4652 2658 4686 ex
2698 4635 2807 4686 Cic.
2848 4637 2972 4686 Inv.
3014 4637 3069 4685 11
3111 4638 3175 4684 53

482 4720 714 4771 fluxisse
755 4722 986 4772 adnotat
1026 4725 1102 4785 (p.
1141 4725 1280 4784 363).

690 4810 731 4869 ⁸)
769 4824 822 4871 p.
861 4813 962 4860 363
1001 4811 1133 4872 (IL).
