3567 5109
1674 306 2111 372 ..46-

543 500 732 561 arsin
779 498 1054 562 tertiam
1102 505 1331 561 exstat
1377 501 1655 579 signum
1701 500 2309 580 interpunctionis.
2356 500 2528 562 Tum
2562 499 2804 561 eodem
2836 499 2989 561 loco
3024 514 3249 578 aeque

541 612 746 684 atque
794 604 866 665 in
907 622 1155 666 versus
1202 602 1348 667 fine
1394 638 1479 649 —-
1525 607 1847 685 quamvis
1878 624 2039 667 raro
2086 640 2165 649 -—
2214 604 2572 667 invenitur
2618 603 2886 686 syllaba
2934 611 3248 666 ceterum

539 708 778 771 brevis
831 708 1194 788 producta,
1246 709 1436 771 velut
1494 709 1566 785 V,
1605 716 1716 771 46:
1749 709 1911 792 fero'
1954 708 2015 769 sl
2060 708 2173 788 (cf.
2224 728 2289 789 p.
2334 710 2397 787 9)
2414 729 2429 784 ;
2482 708 2621 785 XX,
2675 716 2786 770 38:
2836 706 3036 785 homo‘,
3083 704 3245 769 deus

541 821 630 873 est
689 812 903 889 hom&
973 813 1245 891 XXVII,
1317 820 1468 875 179:
1535 812 1750 891 video‘;
1819 818 1972 875 182:
2043 812 2171 894 flo';
2240 821 2393 875 194:
2458 810 2763 889 adside0'3·
2816 821 2971 875 331:
3042 812 3247 888 teneti,-

543 919 721 994 XIX,
773 926 928 980 369:
979 914 1114 978 civis
1153 917 1162 1001 Ι
1202 924 1446 993 aetate;
1491 919 1801 995 XXXIII,
1852 926 1962 980 34:
2019 914 2188 979 latro*
2211 915 2403 1001 selim.
2452 919 2575 981 Vel
2622 919 2857 982 hiatus
2906 918 3037 980 hoc
3083 919 3244 980 loco

543 1023 976 1103 permittitur
1029 1022 1142 1100 (cf.
1190 1043 1253 1103 p.
1302 1024 1431 1101 25).
2920 1058 2927 1063 ·

752 1128 940 1200 Quae
990 1146 1296 1204 caesura,
1377 1146 1799 1208 quamquam
1882 1129 1957 1191 in
2032 1146 2113 1191 ea
2192 1146 2435 1191 vocem
2511 1128 2897 1191 subsistere
2944 1134 3243 1203 constat,

543 1238 774 1296 tamen
831 1251 1352 1312 nonnumquam
1409 1234 1652 1297 incidit
1697 1234 1883 1296 inter
1929 1232 2168 1310 verba,
2227 1252 2401 1313 quae
2448 1239 2598 1297 arte
2652 1235 2838 1296 inter
2885 1252 2961 1295 se
3009 1232 3252 1295 cohae-

539 1343 696 1400 rent
742 1345 862 1400 aut
907 1340 976 1401 vi
1022 1340 1156 1401 iam
1204 1340 1560 1419 pertinent
1605 1339 1693 1419 ad
1739 1356 1839 1416 ea,
1890 1357 2065 1418 quae
2112 1345 2523 1418 sequuntur.

753 1444 1052 1506 Ponitur
1114 1444 1334 1523 igitur
1381 1461 1666 1507 caesura
1712 1443 1992 1524 saepius
2040 1450 2203 1524 post
2246 1444 2632 1524 particulas
2690 1444 2787 1502 ‘et'
2839 1442 3040 1522 (XVI,
3092 1446 3247 1518 1763

543 1548 722 1627 XIX,
772 1554 929 1626 4013
983 1554 1140 1626 7083
1191 1550 1330 1626 XX,
1383 1555 1538 1625 349;
1590 1550 1765 1627 XXI,
1802 1556 1973 1630 4153·
2016 1556 2169 1627 6083
2221 1549 2433 1625 XXII,
2469 1554 2581 1625 29;
2634 1548 2869 1624 XXVI,
2904 1556 3011 1625 89;
3060 1548 3249 1625 268);

544 1654 658 1712 ‘ut’
708 1652 877 1731 (XX,
929 1660 1086 1730 4013
1156 1661 1314 1731 404;
1341 1654 1557 1729 ΧΧΙ,
1616 1654 1803 1733 772);
1874 1655 2247 1739 ‘tamquam’
2297 1650 2575 1733 (XVIII,
2626 1660 2781 1727 34ος
2852 1660 3007 1729 390;
3076 1652 3255 1727 ΧΙΧ,

545 1757 734 1834 221);
816 1760 1250 1885 quamquam?
1350 1759 1621 1836 (XVIII,
1717 1759 1901 1839 341);
1986 1755 2333 1843 ‘quomam’
2430 1757 2633 1838 (XIX,
2733 1757 2915 1838 332);
2962 1834 2969 1843 ³
3014 1754 3253 1841 ‘quasi’

547 1861 818 1940 (XVIII,
869 1863 1012 1941 42);
1066 1866 1180 1941 ac,
1228 1862 1309 1922 si’
1360 1864 1563 1943 (XXI,
1613 1865 1865 1942 763);‘
1872 1882 2004 1940 nec,
2049 1862 2131 1922 815’
2184 1862 2451 1942 (XXVI,
2498 1863 2683 1942 287);
2727 1864 2880 1922 ε·’<;ω
2918 1862 3025 1942 (Χ,
3060 1860 3249 1943 215);

547 1963 783 2027 ‘donec’
874 1968 1146 2047 (XVIII,
1231 1968 1373 2046 72);
1461 1970 1612 2029 nec’
1701 1967 1966 2046 (XXVI,
2034 1967 2173 2046 82);
2258 1970 2391 2027 nec
2471 1966 2656 2027 enim'
2742 1966 3014 2046 (XVIII,
3082 1966 3253 2049 372).

545 2071 970 2135 Pronomina
1019 2091 1297 2153 quoque
1352 2074 1644 2136 relativa
1703 2074 2212 2135 abstrahuntur
2258 2092 2296 2135 a
2346 2091 2473 2135 suo
2522 2072 2885 2136 enuntiato
2935 2067 3059 2151 (de
3108 2072 3253 2157 quo’

543 2175 792 2253 XVIII,
842 2184 950 2253 64;
1007 2174 1219 2265 ‘qaod’
1268 2177 1510 2254 XXIII,
1561 2179 1730 2255 107),
1779 2184 1988 2257 atque
2020 2178 2194 2240 adeo
2228 2177 2783 2258 praepositiones
2830 2196 2867 2239 a
2912 2194 3039 2239 suo
3086 2194 3259 2238 casu

545 2276 860 2365 insssacra
923 2278 1089 2342 dona
1159 2282 1333 2359 XIX,
1409 2288 1558 2360 5923
1631 2279 1700 2341 in
1719 2278 1739 2365 Η
1760 2278 2013 2343 laudem
2078 2278 2317 2342 Felicis
2381 2282 2557 2358 XXI,
2620 2287 2778 2359 707;
2834 2275 3257 2363 prouFelicis

546 2383 778 2446 honore
851 2393 946 2461 16,
1013 2388 1188 2466 708).
1234 2388 1654 2465 Plerumque
1719 2405 1892 2450 vero
1940 2387 2110 2451 haec
2174 2387 2393 2451 verba
2457 2404 2615 2449 cum
2681 2385 3257 2467 antecedentibus

546 2491 844 2569 synizesi
909 2491 1243 2569 coniungi
1304 2510 1517 2571 supra
1583 2492 2017 2557 ostendimus
2080 2492 2317 2571 ibique
2377 2492 2783 2558 attulimus
2806 2508 3074 2567 versus,
3139 2491 3260 2569 qui

544 2594 618 2655 in
668 2596 819 2675 ipsa
868 2613 1157 2658 caesura
1207 2596 1567 2659 elisionem
1616 2596 1963 2660 exhibent.

757 2701 910 2763 Hoc
987 2706 1216 2763 autem
1292 2701 1448 2765 loco
1524 2702 1846 2782 figuram,
1924 2686 2133 2782 quam
2217 2701 2563 2782 parisosin
2643 2706 2761 2763 aut
2850 2700 3259 2763 homoeosin

545 2805 1008 2884 nominamus„
1075 2806 1396 2869 omittere
1462 2825 1604 2870 non
1671 2824 2076 2887 possumus3
2148 2825 2355 2885 quam
2419 2813 2816 2887 temporum
2872 2822 3259 2885 progressu

543 2911 771 2990 poetis
819 2910 1288 2991 gratissimam
1334 2910 1594 2975 factam
1642 2930 1814 2990 esse,
1860 2913 2064 2975 Birtii
2107 2912 2345 2974 libello
2380 2908 2421 2992 (
2416 2906 2521 2970 Ad
2550 2908 2878 2971 historiam
2908 2907 3262 2970 hexametri

545 3010 773 3075 Latini
831 3012 1124 3099 symbola,
1175 3036 1237 3097 p.
1288 3016 1400 3097 50)
1466 3019 1816 3081 docemur.
1893 3017 2229 3081 Paulinus
2296 3033 2574 3096 quoque
2640 3016 2817 3079 hanc
2875 3013 3257 3077 verborum

548 3120 1077 3183 collocationem
1141 3121 1241 3183 ita
1307 3123 1644 3201 adhibuit,
1716 3130 1796 3185 ut
1858 3130 2155 3203 poneret
2218 3122 2638 3184 adiectivum
2714 3121 2785 3183 in
2851 3137 3142 3184 caesura
3188 3124 3259 3181 et

548 3224 1065 3288 substantivum
1114 3226 1186 3287 in
1235 3226 1376 3289 fine
1424 3228 1695 3290 ordinis
1743 3229 2048 3290 metrici:

1073 3349 1118 3413 Ι,
1160 3352 1216 3398 1:
1259 3348 1426 3399 Sume
1462 3351 1638 3413 igitur
1675 3355 1908 3414 pastas
1946 3351 2181 3401 dumoso
2219 3350 2281 3401 in
2315 3362 2449 3400 rure
2487 3349 2823 3415 volucres,

1068 3438 1160 3501 VI,
1201 3438 1326 3487 215:
1365 3436 1716 3488 Condiderat
1751 3439 1958 3507 sacri,
1998 3451 2141 3501 quas
2176 3442 2365 3488 servat
2400 3438 2611 3501 pagina
2646 3435 2811 3487 saxi.

549 3540 884 3602 Similiter
949 3541 1460 3605 substantivum
1527 3544 1833 3623 seiungit
1878 3563 1915 3607 a
1964 3561 2091 3606 suo
2150 3544 2494 3622 genetiva
2545 3541 2937 3605 subiectum
2982 3556 3020 3600 a
3066 3554 3261 3617 prae-

550 3644 800 3719 dicat0,
850 3644 1144 3708 verbum
1192 3647 1276 3708 ab
1325 3647 1600 3710 obiecto
1648 3650 1873 3712 velut:

1068 3770 1131 3829 V,
1169 3772 1260 3820 32:
1300 3770 1722 3834 Vipereumque
1761 3771 1955 3821 nefas
1991 3771 2236 3821 nocituri
2276 3775 2467 3821 averte
2505 3769 2771 3833 veneni,

1070 3855 1165 3921 VI,
1203 3858 1296 3905 79:
1338 3856 1488 3907 hunc
1525 3861 1656 3907 tuus
1693 3858 2023 3920 aequabit
2058 3858 2390 3907 meritorum
2428 3860 2719 3907 stemmate
2755 3859 2973 3915 natus,

1071 3942 1163 3999 IV,
1205 3946 1294 3993 19:
1333 3948 1658 4007 perpetuam
1699 3946 2041 4007 spondent
2078 3950 2319 3996 ventura
2356 3945 2414 3993 in
2453 3945 2679 3994 saecula
2714 3943 2943 3992 vitam.

757 4045 907 4118 Qua
955 4047 1335 4110 verborum
1381 4050 1839 4113 collocatione
1885 4050 1995 4113 hic
2045 4048 2218 4113 adeo
2261 4048 2645 4112 delectatus
2694 4056 2814 4123 est,
2861 4052 2941 4108 ut
2984 4064 3139 4107 eam
3186 4045 3259 4105 in

549 4150 869 4229 plurimis
915 4151 1237 4215 versibus
1282 4154 1723 4219 inveniamus
1800 4162 2008 4235 atque
2072 4154 2282 4217 etiam
2348 4173 2475 4234 per
2519 4172 2764 4216 versus
2814 4152 3261 4229 insequentes

547 4260 978 4335 protractam
1027 4275 1178 4319 esse
1225 4258 1616 4335 videamus3
1671 4262 1783 4323 οἱς

1077 4362 1140 4427 V,
1181 4364 1368 4415 172s:
1408 4402 1831 4416 ...........
1885 4365 2037 4425 deus,
2076 4366 2173 4427 qui
2213 4364 2415 4413 fraude
2452 4363 2737 4426 superbi

1391 4450 1639 4502 ostensus
1676 4451 1922 4514 populi
1959 4456 2151 4514 gentes
2183 4452 2242 4500 in
2282 4464 2456 4513 regna
2494 4446 2737 4500 vocavit.

956 4574 962 4579 .
1071 4537 1164 4603 VI,
1208 4538 1330 4589 139:
1368 4538 1584 4589 interea
1620 4539 1983 4602 gravidam
2036 4539 2263 4589 soboles
2300 4551 2645 4601 quamquam
2682 4536 3117 4587 edita-necdum

1382 4627 1612 4689 instigat
1648 4626 1931 4676 Mariam
1957 4662 1968 4673 .
1997 4663 2009 4675 .
2040 4664 2051 4675 .
2079 4664 2091 4676 .
2112 4664 2123 4677 .

997 4718 1004 4723 '
1073 4714 1167 4779 Iv,
1207 4717 1262 4762 9:
1301 4714 1496 4764 vincat
1531 4727 1899 4777 corporeas
1936 4718 2088 4763 casto
2127 4714 2271 4764 bene
2309 4714 2537 4765 conscia
2572 4714 2717 4764 lecto

1382 4802 1777 4851 inlecebras
1814 4807 2117 4863 turpesque
2154 4802 2308 4849 iocos
2346 4802 2698 4863 obscenaque
2736 4801 2901 4851 dicta.
