3567 5109
1761 247 2245 348 4186-

635 499 976 580 raticmem‚
1032 498 1203 583 quod
1245 497 1383 562 illic·
1426 519 1503 562 ea
1547 496 1934 579 dicerentur,
1991 517 2154 580 quae
2199 497 2336 580 ipse
2381 497 2580 577 vellet,
2635 494 2714 560 in
2757 495 2902 579 foro
2945 494 3223 560 dicturi
3265 492 3374 555 ad·
3508 477 3509 566 ἱ

632 605 917 670 versarii
946 610 1174 686 essent,
1212 625 1375 688 quae
1415 605 1685 670 minime
1724 605 1922 669 vellet.
1975 601 2336 667 Pacuvium
2375 621 2636 685 quoque
2673 600 3016 666 rhetorum
3053 597 3378 683 ampullis

632 731 769 776 non
818 709 1213 777 abstinuisse
1250 710 1545 777 Lucilius
1589 731 1711 775 nos
1751 711 2060 776 certiores
2097 709 2274 790 facit,
2325 731 2474 774 cum
2508 711 2579 774 in
2614 707 2957 775 exordium
2992 714 3378 773 contortum

632 816 1089 883 Pacuvianum
1128 819 1257 884 875
1302 817 1566 901 (Marx.,
1614 817 1745 882 718
1774 815 1876 897 L.,
1923 815 2192 881 XXIX
2239 817 2320 881 81
2353 815 2479 900 Μ.)
2525 815 2873 880 invehitur.
2945 813 3200 897 Atque
3253 813 3376 877 duo

632 923 933 1007 exempla
993 923 1185 989 nobis
1242 923 1637 990 documento
1688 931 1858 1002 sunt,
1925 923 2253 1006 quomodo
2312 923 2942 1006 comparationes
2989 927 3058 986 et
3111 927 3374 984 trans-

633 1029 975 1096 lationes
1024 1053 1064 1096 a
1110 1029 1389 1098 Graecis
1438 1037 1747 1114 acceptae
1800 1030 1976 1114 apud
2012 1029 2351 1096 Romanos
2397 1051 2468 1096 se
2505 1029 2998 1094 insinuaverint.
3045 1027 3374 1094 Alterum

631 1143 735 1201 est
779 1136 837 1200 P
857 1139 1046 1222 38s9:

720 1281 897 1345 Nam
940 1281 1143 1364 οαηιὲς,
1189 1283 1448 1366 quando
1492 1287 1588 1348 est
1622 1303 1938 1366 pereussa
1984 1279 2216 1366 lapide,
2263 1301 2402 1345 non
2447 1285 2582 1344 tam
2625 1280 2822 1344 illum
2864 1277 3138 1363 adpetit,

729 1387 865 1464 Qua·
904 1409 1035 1453 sese
1079 1388 1211 1471 icit,
1259 1409 1459 1472 quam
1502 1389 1696 1453 illum
1740 1409 2002 1473 eumpse
2049 1385 2347 1473 lapidem,
2394 1388 2514 1472 qui
2555 1388 2704 1471 ipsa
2746 1386 2878 1451 icta
2919 1390 3030 1466 est,
3069 1385 3279 1470 petit.

629 1545 1071 1631 Lepidissima
1125 1546 1292 1613 haec
1346 1550 1751 1632 comparatio
1808 1547 2112 1613 Platonis
2171 1549 2435 1632 ingenio
2502 1546 2810 1612 debetur¹
2863 1545 2968 1610 De
3035 1565 3108 1608 re
3185 1541 3362 1628 publ.

629 1654 694 1722 V
717 1655 917 1720 469Ε
963 1661 1002 1740 ἢ
1050 1658 1165 1722 οἴει
1208 1683 1261 1722 τι
1308 1657 1621 1739 διάφορον
1668 1657 1829 1740 ὁρᾶν
1873 1655 2019 1729 τοὺς
2062 1663 2243 1722 τοῦτο
2287 1663 2623 1728 ποιοῦντας
2667 1661 2798 1720 τῶν
2841 1660 3078 1726 κυνῶν,
3129 1657 3212 1718 αἳ
3239 1659 3364 1722 τοῖς

628 1763 846 1837 λίθοις,
886 1763 979 1834 οἷς
1014 1765 1095 1828 ἂν
1129 1764 1441 1846 βληθῶσι,
1485 1765 1928 1846 χαλεπαίνουσι
1963 1770 2073 1828 τοῦ
2109 1763 2412 1846 βαλόντος
2449 1763 2570 1845 οὔχ
2607 1763 2978 1846 ἆπῐόμενοι,·
3027 1759 3206 1824 Tum
3249 1777 3360 1841 per

630 1867 1057 1933 Aristotelem
1094 1869 1289 1934 Rhet.
1329 1868 1443 1933 III
1480 1872 1519 1933 4
1558 1869 1739 1935 Εἰσὶν
1784 1872 2039 1943 εἰκόνες,
2085 1869 2221 1936 οἷον
2258 1920 2271 1933 .
2305 1919 2316 1932 .
2351 1918 2363 1932 .
2410 1869 2480 1933 τὸ
2518 1871 2585 1933 ἐν
2620 1875 2694 1952 τῇ
2729 1868 3024 1950 Πολιτείᾳ
3059 1874 3136 1950 τῇ
3175 1865 3355 1930 Πλά-

627 1999 849 2049 τωνος,
887 1977 981 2041 ὅτι
1007 1979 1067 2040 οῖ
1093 1976 1239 2048 τοὺς
1269 1979 1621 2048 τεθνεῶτας
1654 1977 2060 2048 σκυλεύοντες
2095 1977 2332 2041 ἐοίκασι
2368 1983 2495 2048 τοῖς
2531 1977 2850 2048 κυνιδίοις,
2887 1977 2927 2038 ἃ
2955 1974 3106 2045 τοὺς
3129 1975 3355 2042 λίθους

627 2083 845 2147 ὀάκνει
906 2089 1015 2148 τοῦ
1078 2083 1417 2164 βάλλοντος
1479 2084 1600 2166 οὐχ
1664 2085 2006 2166 ἁπτόμενα,
2068 2083 2140 2147 in
2193 2081 2530 2146 rhetorum
2588 2079 2920 2146 officinam
2972 2080 3351 2164 pervenisse

626 2186 900 2266 videtur,
945 2187 1122 2252 unde
1169 2189 1257 2253 ad
1292 2189 1629 2254 Romanos
1674 2187 2001 2254 translata
2045 2196 2164 2269 est,
2213 2190 2327 2272 qui
2375 2187 2802 2254 multifariam
2846 2208 2926 2253 ea
2971 2186 3347 2263 utebantur,
3503 2173 3505 2182 ¹

624 2294 725 2359 ita
770 2300 848 2359 ut
879 2294 1053 2359 Plin.
1090 2293 1178 2360 N.
1217 2295 1281 2359 h.
1316 2295 1585 2360 XXIX
1623 2297 1727 2374 29,
1783 2298 1908 2361 102
1956 2295 2172 2360 dicere
2209 2297 2526 2380 potuerit:
2576 2296 2833 2378 <minus
2869 2296 2986 2360 hoc
3019 2295 3344 2376 miretur).

624 2402 746 2485 qui
786 2402 1011 2487 coyitet
1055 2401 1334 2486 lapidem
1376 2425 1420 2466 a
1464 2425 1619 2468 eane
1666 2423 1960 2468 morsum
2003 2425 2208 2487 usque
2251 2403 2330 2466 in
2375 2403 2799 2487 proverbium
2845 2401 3204 2466 discordiae
3255 2423 3344 2466 re-
3507 2459 3510 2474 ,

624 2510 820 2574 nisse.
888 2507 1085 2573 Alter
1130 2507 1317 2573 locus
1362 2515 1465 2574 est
1497 2506 1567 2573 A
1588 2511 1717 2574 226
1752 2511 1934 2573 natas·
1968 2511 2260 2594 sepulcro
2296 2510 2434 2594 ipse
2469 2514 2567 2574 est
2590 2529 2857 2592 parens,
2935 2505 3344 2573 Referendus

624 2615 763 2679 est²
802 2615 887 2680 ad
917 2613 1327 2699 Gorg-ianam
1354 2617 1569 2688 Γύπες
1604 2619 1885 2700 ἔμψυχοι
1921 2619 2129 2700 τάφοι,
2169 2636 2338 2698 quae
2367 2614 2573 2680 nimia
2599 2614 2946 2681 translatio
2977 2635 3020 2679 a
3047 2611 3342 2689 Graecis,

626 2720 991 2806 elegantiae
1051 2721 1331 2803 arbitris,
1400 2721 1823 2787 deridebatur
1879 2724 2049 2807 (περὶ
2099 2726 2312 2806 ὕψους
2359 2724 2419 2802 3,
2470 2723 2557 2806 2),
2621 2721 3075 2786 Romanorum
3133 2723 3342 2786 minus

626 2830 877 2895 erudito
923 2831 1168 2895 iudicio
1216 2830 1382 2895 adeo
1430 2828 1749 2914 placebat,
1799 2835 1875 2895 ut
1918 2850 2066 2894 eam
2109 2835 2253 2895 tota
2297 2828 2431 2894 fere
2470 2828 2832 2894 Latinitate
2868 2831 3050 2894 varie
3089 2827 3340 2894 confor-

626 2942 869 3000 matam
913 2938 1335 3014 inveniamus,
1392 2935 1569 3002 velut
1622 2942 1775 3002 ante
1822 2933 2106 3002 Accium
2161 2935 2242 3002 ab
2289 2935 2510 3000 Ennio
2562 2935 2862 3001 adhibita
2907 2941 3007 3000 est
3049 2935 3123 3000 in
3168 2933 3340 2999 Anu.

898 3041 947 3081 ε.

626 3043 753 3107 138
800 3042 883 3110 ν·
934 3092 947 3106 .
1073 3135 1371 3198 volturus
1414 3134 1491 3198 in
1536 3134 1751 3218 spinis
1797 3135 2114 3198 miserum
2161 3135 2510 3200 mndebat
2550 3135 2922 3199 homonem:

1074 3241 1217 3322 heu,
1264 3262 1463 3324 quam
1508 3240 1756 3306 crudeli
1799 3241 2106 3306 condebat
2147 3241 2434 3306 membra
2477 3243 2769 3326 sepulcro
2781 3244 2811 3305 l
2813 3291 2832 3324 ,

620 3403 775 3480 post
830 3417 976 3460 eum
1026 3419 1066 3462 a
1109 3398 1419 3464 Lucretio
1467 3399 1532 3467 V
1554 3401 1681 3465 993
1733 3402 1884 3465 riva
1935 3401 2160 3466 videns
2205 3401 2350 3466 υἰυο
2403 3402 2667 3486 sepeliri
2709 3401 2958 3466 viscera
3005 3401 3208 3482 ὸιιεέο,
3255 3397 3333 3463 ab

623 3501 859 3569 Ovidio
908 3503 1069 3570 Met.
1114 3505 1218 3572 VI
1264 3507 1393 3571 665
1441 3507 1739 3590 (Tereus)
1791 3507 1906 3591 flet
1955 3509 2139 3572 modo
2193 3528 2382 3591 seque
2436 3511 2620 3572 vocat
2665 3508 2931 3572 bustum
2977 3507 3334 3573 miserabile

620 3611 784 3692 nati,
832 3631 873 3674 a
920 3608 1119 3676 Musa
1164 3611 1423 3677 rhetore
1470 3613 1650 3696 apud
1686 3612 2010 3678 Senecam
2045 3612 2273 3678 Gontr.
2311 3613 2388 3678 X
2424 3612 2633 3698 praef.
2673 3615 2712 3678 9
2749 3614 3074 3698 quidquid
3113 3615 3336 3677 arium

618 3717 849 3781 volitat
895 3769 907 3782 .
947 3770 959 3782 .
999 3766 1038 3797 .,
1084 3720 1329 3783 nostris
1374 3721 1683 3804 sepelitur
1727 3721 2086 3786 ventribus.
2127 3759 2213 3767 —
2258 3719 2446 3784 Alibi
2493 3739 2752 3803 quoque
2788 3717 3073 3784 Accium
3117 3720 3188 3784 in
3225 3719 3336 3782 eli-

620 3823 853 3907 gendis
881 3823 1420 3890 translationibus
1449 3849 1681 3911 parum
1712 3826 2043 3892 sollertem
2072 3825 2640 3911 deprehendimus
2679 3826 3132 3892 Pacuvianum
3151 3829 3336 3910 (362)

617 3930 816 3996 N‘emc
852 3933 1155 4015 pmmum
1190 3939 1420 4017 opacat
1459 3933 1629 4017 flora
1666 3935 1904 4018 lanu-qo
1933 3956 2135 4019 yenas
2148 3934 2190 4012 ³,
2239 3956 2386 3998 cum
2425 3954 2736 4018 superare
2775 3932 3043 4012 studuit,
3090 3934 3334 3998 insulse

620 4037 898 4102 mutavit
950 4038 1020 4102 in
1076 4041 1263 4120 (246)
1312 4039 1407 4103 Εἰ
1460 4042 1695 4125 lanugo
1749 4041 1920 4125 flora
1971 4062 2154 4105 nunc
2198 4042 2458 4106 demum
2509 4039 2762 4124 inriyat
2797 4087 2813 4106 .
2859 4092 2905 4123 .‚
2955 4040 3136 4124 quod
3183 4062 3333 4105 con-

618 4149 867 4208 vertere
912 4164 1264 4228 possumus
1310 4144 1701 4211 ‘bliihender
1747 4147 1982 4212 Flaum
2030 4145 2224 4230 quillt
2266 4147 2404 4213 ihm
2441 4195 2456 4211 .
2501 4195 2516 4210 .
2565 4146 2757 4228 (iiber
2803 4145 2907 4212 die
2945 4145 3337 4231 Wangen)'.

834 4389 854 4424 ¹
898 4391 972 4444 V.
1012 4389 1295 4458 Ottonem,
1345 4391 1777 4460 ‘Sprichwiirter
1825 4394 1927 4447 der
1972 4393 2224 4462 Rfimer’,
2279 4411 2332 4464 p.
2362 4394 2450 4463 23,
2489 4392 2808 4448 Vahlenum
2865 4394 2926 4448 in
2971 4394 3158 4449 indice
3205 4395 3328 4447 lect.

616 4495 666 4531 a.
706 4478 846 4534 1902
883 4498 937 4548 p.
971 4481 1035 4534 10
1066 4497 1147 4548 sq.

831 4583 853 4619 ²
889 4585 975 4638 Cf.
1013 4584 1261 4654 Norden,
1298 4587 1461 4641 ‘Ant
1498 4587 1877 4656 Kunstprosa’
1917 4588 1946 4642 I
1983 4589 2104 4644 385.

830 4691 852 4726 ³
887 4690 1016 4744 Non
1062 4692 1413 4746 invenustam
1460 4693 1603 4748 hanc
1646 4697 2073 4750 translationem
2121 4713 2248 4750 eum
2286 4698 2515 4752 Graecis
2554 4696 2755 4751 debere
2794 4697 2992 4764 opinor
3027 4695 3160 4749 coll.
3198 4695 3323 4748 Eur.

612 4776 824 4831 Phoen.
854 4779 925 4832 63
960 4781 1095 4834 ἐπεὶ
1134 4779 1204 4834 δὲ
1240 4783 1467 4836 τέκνων
1503 4785 1687 4853 γένυς
1722 4787 1884 4852 ἐμῶν
1921 4787 2230 4855 σκιάζεται.

3493 4657 3510 4696 41
