3567 5109
1647 178 1908 240 -34
2005 213 2089 221 ,Η

504 389 573 451 in
618 388 917 452 Platonis
980 387 1165 452 libris
1212 394 1279 452 et
1322 390 1389 451 in
1437 386 1806 452 Alcibiade.
1883 388 2076 452 Plato
2129 388 2392 471 quidem
2442 410 2764 453 summum
2811 388 3056 453 bonum
3103 389 3241 450 vir-

506 501 711 558 tutem
759 516 898 559 esse
947 496 1125 573 dicit,
1175 494 1290 559 sed
1332 501 1596 577 praeter
1632 495 1950 581 virtutem·
1977 496 2176 559 etiam
2215 496 2509 577 corporis
2549 494 2890 559 commoda
2933 496 3003 557 in
3039 494 3242 558 bonis

505 601 756 665 refert.¹
805 603 875 666 Is
922 608 1161 680 autem,
1233 602 1343 685 qui
1390 599 1812 665 Alcibiadem
1861 603 2213 680 contexuit,
2283 608 2636 685 postquam
2683 607 2880 665 antea
2929 601 3240 665 omnibus

507 710 802 791 corporis
866 709 1216 773 virtutibus
1282 715 1349 773 et
1392 708 1605 787 boniS,
1674 708 1855 773 velut
1909 708 2398 791 pulchritudine
2457 716 2522 772 et
2577 730 2814 789 genere
2861 714 2931 771 et
2977 710 3238 786 ceteris,

506 815 806 880 meliores
870 836 991 879 nos
1055 814 1199 879 fieri
1262 836 1396 880 non
1462 836 1677 897 posse,
1742 816 1968 897 itaque
2024 816 2092 879 in
2148 815 2342 879 bonis
2397 836 2477 879 ea
2533 836 2668 879 non
2722 814 3034 881 habenda
3089 836 3234 879 esse

507 921 1035 1001 demonstravit,²
1083 944 1285 987 unum
1333 922 1546 986 solum
1592 920 1839 986 bonum
1887 942 2028 986 esse
2076 921 2396 1001 concedit,
2447 921 2780 1001 virtutem3
2833 942 3030 1004 quam
3079 942 3232 984 cum

506 1028 756 1093 civibus
801 1029 1415 1093 communicandam
1462 1049 1624 1107 esse,
1674 1036 1749 1092 ut
1795 1030 2024 1093 civitas
2061 1028 2258 1094 beata
2297 1029 2582 1093 exsistat.
2630 1028 2788 1091 Non
2827 1028 3026 1109 igitur
3065 1050 3234 1109 opus

507 1157 647 1199 esse
696 1136 1016 1218 portubus
1065 1156 1273 1218 neque
1320 1135 1667 1199 moenibus
1714 1138 2078 1221 ceterisque
2125 1134 2339 1214 rebUS,
2391 1156 2558 1218 quae
2595 1135 2790 1216 vulgo
2821 1126 3001 1199 bona
3026 1134 3242 1199 babe-

506 1249 721 1323 antnr,
779 1244 894 1307 sed
943 1264 1078 1307 una
1123 1242 1410 1306 virtute.³
1458 1242 1583 1307 Oui
1631 1243 1996 1307 sententiae
2045 1242 2308 1305 minime
2357 1248 2685 1325 repugnat
2721 1241 2908 1305 locus
2939 1238 3240 1323 Gorgiae

507 1373 569 1432 p.
612 1349 829 1427 5170,
896 1349 1124 1429 519A,
1192 1349 1365 1413 unde
1432 1349 1615 1413 illum
1663 1349 2035 1414 Alcibiadis
2100 1349 2316 1414 locum
2383 1350 2652 1414 ductum
2709 1370 2849 1412 esse
2909 1349 3053 1431 quis
3109 1356 3238 1426 est,

507 1458 667 1539 quin
716 1454 976 1521 videat?
1027 1455 1160 1520 Sed
1206 1456 1537 1520 sententia
1582 1457 1784 1520 totius
1831 1456 1960 1520 loci
2007 1456 2422 1539 aliquantum
2474 1454 2712 1520 differt..
2789 1455 3006 1521 Verus
3053 1457 3236 1519 enim

503 1564 699 1628 Plato
737 1565 933 1641 vir08,
982 1564 1095 1646 qui
1142 1582 1279 1627 rem
1325 1561 1659 1645 publicam
1698 1564 2351 1641 administravissent,
2403 1564 2774 1645 peccavisse
2823 1562 3002 1641 dicit,
3051 1562 3238 1646 quod

502 1670 695 1734 bonis
744 1670 1029 1753 quidem,
1098 1692 1267 1753 quae
1316 1669 1403 1735 ad
1448 1670 1649 1733 vitam
1698 1691 2106 1735 communem
2156 1671 2344 1734 utilia
2399 1677 2638 1749 essent,
2707 1669 2825 1734 sed
2871 1668 3056 1734 nulla
3101 1671 3238 1731 vir-

502 1782 644 1840 tute
692 1777 1021 1840 civitatem
1066 1775 1509 1840 imbuissent-:²
1563 1777 1760 1841 Plato
1803 1784 2062 1859 praeter
2099 1784 2347 1859 portae,
2397 1799 2616 1856 naves,
2667 1777 2817 1855 alia,
2869 1777 3064 1840 etiam
3103 1778 3238 1839 vir-

501 1890 709 1947 tutem
757 1884 825 1947 in
874 1884 1135 1947 civitate
1182 1884 1397 1947 inesse
1444 1883 1669 1948 voluit.
1740 1882 2107 1949 Alcibiadis
2155 1892 2375 1949 autem
2423 1886 2702 1966 scriptor
2747 1884 2874 1947 nisi
2921 1885 3236 1947 virtute-111

503 1989 663 2054 nihil
715 1990 899 2081 aliud
944 1990 1273 2054 civitatem
1318 1992 1542 2055 iuvare
1592 2012 1782 2073 posse
1834 1991 2008 2055 dicit.
2091 1992 2198 2055 Ex
2243 1993 2341 2070 iis,
2393 2013 2561 2073 quae
2611 1991 3024 2073 protulimus,
3073 2012 3239 2053 con—

504 2096 766 2161 cludere
833 2118 1021 2179 posse
1088 2096 1279 2161 nobis
1339 2097 1635 2162 videmur
1681 2100 2066 2181 scriptorem
2122 2099 2569 2163 academicum
2627 2098 2958 2181 quendam
3005 2097 3237 2173 fuisse,

504 2206 615 2287 qui
664 2226 782 2268 sua
832 2204 912 2268 de
960 2226 1213 2267 summo
1269 2204 1445 2269 bono
1497 2206 1798 2269 doctrina
1843 2194 2190 2271 Platonem
2246 2189 2584 2289 taniquam
2632 2226 2943 2288 superare
2990 2204 3238 2281 voluitf.

504 2311 681 2394 quod
746 2332 881 2375 non
948 2311 1347 2389 mirabimur,
1416 2334 1563 2375 cum
1627 2314 1759 2376 iam
1827 2315 2124 2377 oratione
2191 2313 2307 2377 illa
2366 2312 2445 2377 de
2493 2315 2848 2378 Persarum
2905 2312 3236 2376 institutis

502 2419 655 2484 talis
700 2418 895 2482 nobis
944 2420 1243 2497 evaserit,
1312 2420 1423 2501 qui
1474 2422 1695 2483 omnia
1741 2420 2030 2484 numeris
2086 2421 2222 2484 suis
2269 2420 2574 2485 absoluta
2621 2442 2699 2485 ac
2749 2418 3035 2503 perfecta
3086 2440 3236 2482 esse

500 2525 714 2589 vellet.
762 2524 1000 2607 Itaque
1048 2524 1172 2588 hoc
1222 2547 1483 2609 quoque
1531 2526 1677 2590 loco
1724 2549 1930 2591 unum
1978 2535 2044 2592 et
2089 2549 2414 2591 summum
2450 2528 2696 2591 bonum
2737 2528 3047 2589 virtutem
3087 2548 3238 2587 esse

504 2634 666 2698 dicit
710 2632 1028 2714 neglectis
1074 2633 1179 2711 iis,
1232 2655 1398 2715 quae
1446 2634 1641 2697 Plato
1690 2636 1759 2698 in
1806 2634 2000 2699 bonis
2047 2635 2262 2698 refert.

714 2740 1023 2821 Denique
1073 2740 1315 2803 exitum
1359 2739 1604 2822 dialogi
1644 2762 2243 2820 commemoremus,
2291 2749 2384 2817 ut,
2435 2740 2765 2822 quomodo
2805 2741 3086 2822 scriptor
3125 2760 3236 2801 res

501 2850 673 2912 inter
720 2869 787 2910 se
838 2846 1227 2924 confuderit,
1277 2846 1639 2911 dilucidum
1688 2847 1820 2911 fiat.
1913 2847 2016 2912 Ac
2074 2851 2354 2931 primum
2405 2848 2673 2929 quidem
2721 2848 3005 2911 Kvicala
3052 2854 3234 2909 recto

502 2954 871 3018 observavit
914 2974 1050 3017 non
1096 2952 1413 3036 intellegi,
1465 2954 1794 3035 quomodo
1834 2956 2116 3037 scriptor
2152 2956 2368 3019 dicere
2409 2956 2617 3037 possit
2665 2975 2723 3036 p.
2769 2952 3234 3018 134A:·Z‹1›..·

510 3062 649 3125 Οὔκ
694 3064 819 3142 ἄρα
866 3062 1001 3124 οἷόν
1045 3085 1124 3133 τε,
1172 3061 1281 3124 ἐὰν
1325 3064 1414 3143 μή
1462 3086 1548 3132 τις
1594 3064 1884 3144 σώφρων
1929 3063 2034 3125 καὶ.
2081 3063 2328 3143 ἀγαθὸς
2370 3061 2431 3145 ᾖ,
2479 3063 2824 3143 εὐδαίμονα
2870 3062 3038 3125 εἶναι.
3123 3059 3236 3121 Ex

499 3168 581 3230 iis
629 3168 820 3245 enim,
867 3189 1033 3249 quae
1083 3174 1591 3246 antecesserunt,
1638 3168 1852 3233 dicere
1898 3190 2030 3233 non
2077 3168 2296 3251 potuit
2333 3168 2488 3230 nisi:
2539 3170 2648 3231 ἐὰν
2683 3171 2774 3251 μή
2813 3192 2900 3237 τις
2937 3170 3236 3249 σώφρων

498 3275 559 3357 ᾗ,
608 3274 765 3357 quia
812 3274 891 3338 de
937 3296 1070 3338 una
1127 3274 1451 3339 modestia
1504 3274 1702 3339 verba
1756 3276 1936 3339 fecit.
2028 3275 2262 3359 Neque
2311 3276 2592 3357 scriptor
2639 3273 3227 3338 demonstrandum

502 3381 627 3445 sibi
664 3403 805 3445 esse
842 3387 1036 3464 putat
1072 3381 1443 3446 civitatibus
1484 3404 1649 3466 opus
1688 3404 1830 3446 esse
1869 3383 2124 3446 virtute.
2200 3382 2411 3460 „Nam
2451 3404 2532 3445 ex
2567 3381 2669 3459 iis,
2715 3403 2883 3464 quae
2923 3402 2982 3462 p.
3018 3383 3142 3445 134
3167 3382 3231 3443 B

504 3490 837 3553 dicuntur:
897 3491 1017 3553 οὐκ
1064 3492 1189 3571 ἄρα
1238 3491 1378 3554 οὐδ’
1430 3492 1467 3553 ὁ
1513 3491 1866 3573 πλουτήσας
1913 3490 2277 3572 ἀθλιότητος
2323 3490 2777 3561 ἀπαλλάττεται,
2826 3489 2957 3551 ἀλλ’
3011 3490 3047 3551 ὅ
3095 3512 3232 3551 σω-

501 3598 827 3679 φρονήσας
874 3602 1047 3659 certe
1095 3617 1226 3659 non
1278 3597 1600 3679 sequitur:
1652 3600 1771 3660 οὒκ
1819 3599 1943 3678 ἄρα
1991 3604 2212 3678 τειχῶν
2249 3598 2402 3660 οὐδὲ
2437 3599 2712 3679 τριήρων
2749 3596 2903 3659 οὐδὲ
2942 3597 3234 3677 νεωρίων

503 3704 742 3766 δέονται
771 3704 837 3765 αἱ
862 3704 1069 3773 πόλεις
1100 3754 1112 3765 .
1145 3754 1155 3765 .
1190 3754 1201 3765 .
1242 3706 1389 3767 ἄνευ
1420 3706 1655 3785 ἀρετῆς.
1703 3704 2114 3785 Σωφροσύνη
2145 3703 2317 3766 enim
2347 3710 2448 3767 est
2475 3704 2660 3785 ἀρετή
2690 3727 2793 3776 τις,
2824 3708 2898 3764 ut
2925 3700 3233 3765 Platonis⁴

502 3829 681 3872 more
728 3808 980 3891 loquar,
1026 3830 1159 3873 non
1206 3810 1497 3892 ἀρετή.“5
1572 3809 1737 3873 Τ11111
1787 3816 1960 3872 recte
2010 3810 2231 3873 mirari
2281 3830 2348 3872 se
2399 3809 2557 3872 dicit
2604 3808 2778 3872 idem
2824 3808 2921 3871 vir
2970 3807 3228 3885 doctus,

718 4060 735 4093 ¹
772 4058 1188 4111 Enumerantur
1244 4058 1354 4110 duo
1412 4059 1685 4111 bonorum
1743 4076 1973 4127 genera:
2033 4058 2206 4125 Legg.
2248 4060 2284 4110 l.
2325 4059 2354 4111 1
2392 4058 2584 4123 63113,
2641 4060 2777 4111 tria:
2837 4058 3010 4126 Legg.
3053 4058 3088 4109 l.
3133 4056 3227 4109 111

499 4150 603 4201 697
618 4149 682 4215 B,
714 4148 887 4216 Gorg.
918 4150 1017 4201 451
1039 4148 1110 4199 E:
1150 4150 1451 4215 ὑγιαίνειν,
1492 4148 1681 4201 καλὸν
1717 4149 2021 4216 γενέσθαι,
2058 4150 2357 4214 πλουτεῖν,
2397 4152 2689 4215 quattuor:
2729 4147 2904 4215 Legg.
2937 4148 2972 4199 l.
3005 4147 3035 4200 I
3063 4147 3228 4200 6310

506 4238 593 4297 (ΙΙ
631 4239 841 4296 661Α).

715 4325 735 4359 ²
775 4326 884 4379 Sed
924 4328 979 4377 in
1020 4326 1139 4393 ipso
1182 4324 1393 4392 Gorgia
1432 4329 1505 4393 (p.
1530 4324 1717 4391 451EJ
1757 4326 1989 4379 divitiae
2022 4334 2072 4377 et
2110 4328 2317 4394 speeies
2350 4326 2596 4394 corporis
2637 4327 2693 4377 in
2732 4327 2893 4378 bonis
2923 4325 3230 4378 ducuntur.

718 4416 739 4449 ³
778 4417 902 4467 Alc.
947 4414 1124 4468 13413.

715 4506 736 4537 ⁴
775 4504 945 4572 Gorg.
977 4504 1170 4557 519A:
1212 4506 1355 4558 aven
1382 4506 1499 4573 γὰρ
1529 4508 1927 4574 σωφροσύνης
1966 4506 2056 4559 καὶ
2097 4504 2487 4574 δικαιοσύνης,
2525 4506 2784 4571 λιμένων
2821 4506 2916 4557 καὶ
2958 4508 3240 4573 νεωρίων

500 4595 595 4646 καὶ
634 4601 841 4661 τριχῶν
877 4594 971 4645 καὶ
1010 4593 1221 4661 φόρων
1260 4595 1353 4646 καὶ
1392 4596 1674 4647 τοιούτων
1712 4596 2022 4665 φλυαριῶν
2058 4594 2471 4662 ἐμπεπλήκασι
2509 4592 2614 4661 τὴν
2649 4594 2846 4647 πόλιν.

716 4681 737 4713 ⁵
774 4681 1015 4733 Kvicala
1052 4699 1103 4748 p.
1140 4682 1223 4733 16.
