3567 5109
1645 268 2086 331 ..78-

500 480 840 560 differant,
881 502 1008 563 quo
1050 484 1257 563 magis
1296 484 1363 544 in
1402 480 1690 545 evidenti
1727 484 1831 560 sit,
1881 477 2430 564 quemadmodum
2471 498 2797 561 quamque
2847 482 3230 541 tractemus.

508 588 681 653 Sunt
726 591 925 671 igitur
961 586 1316 665 schemata,
1366 586 1435 651 id
1475 594 1575 652 est
1610 586 1858 669 figurae
1899 589 2514 663 controversiarum,
2555 590 2895 667 quattuor:
2945 586 3228 657 ἔνδοξος,

504 694 686 779 quod
715 715 835 758 nos
865 698 1195 777 opinionis
1230 694 1444 758 bonae
1484 715 1828 777 possumus
1857 693 2096 772 dicere,
2126 694 2500 777 ἀμφίδοξος,
2541 690 2718 775 quod
2747 712 2868 755 nos
2897 693 3232 772 opinionis

500 801 819 867 confusae
851 824 931 865 ex
958 807 1260 883 utroque,
1290 800 1463 865 bono
1497 822 1573 866 ac
1604 800 1802 880 ma10,
1833 822 2176 883 possumus
2204 799 2445 878 dicere,
2474 801 2861 881 παράδοξος,
2893 796 3072 882 quod
3109 818 3232 861 nos

504 912 837 992 opinionis
876 907 1093 973 malae
1129 929 1473 991 possumus
1511 908 1749 986 dicere,
1791 955 2200 971 ........
2241 909 2474 981 ἄδοξος
2505 955 2518 969 .
2559 953 2603 984 .,
2641 927 2837 989 quam
2875 926 2996 969 nos
3028 952 3228 969 .....

508 1015 755 1081 nullius
802 1019 1154 1097 opinionis,
1204 1016 1272 1079 id
1318 1021 1419 1079 est
1462 1014 1773 1079 humilem
1823 1022 1892 1079 et
1937 1014 2290 1092 sordidam,
2338 1020 2711 1077 vocamus“.
2785 1013 3232 1077 Enumeratas

504 1124 752 1207 figuras
800 1121 1113 1204 exemplis
1160 1120 1495 1205 explanat.

721 1230 1084 1311 Postquam
1133 1232 1719 1293 controversiarum
1768 1227 2013 1310 figuras
2051 1232 2463 1292 enumeravit
2497 1234 2562 1291 et
2599 1226 2916 1310 exemplis
2954 1225 3234 1309 prola-tis

508 1336 910 1420 explanavit,
960 1340 1055 1401 ita
1093 1340 1308 1419 pergit
1346 1338 1518 1419 (cap.
1565 1337 1701 1418 18):
1780 1334 2180 1414 „Dinoscere
2221 1341 2441 1399 autem
2481 1335 2600 1398 has
2637 1338 3231 1398 controversiarum

503 1445 751 1528 figuras
799 1466 945 1508 cum
994 1444 1082 1507 ad
1128 1442 1337 1508 multa
1385 1442 1519 1507 alia
1566 1448 1894 1523 convenit,
1961 1449 2098 1507 tum
2145 1442 2248 1507 vel
2295 1447 2362 1506 in
2409 1446 2636 1525 primis
2685 1442 2772 1507 ad
2817 1442 2906 1520 id,
2974 1448 3049 1505 ut
3095 1462 3230 1505 mo-

506 1553 663 1617 dum
704 1550 1075 1635 praefandi,
1124 1549 1192 1613 id
1249 1557 1349 1615 est
1383 1554 1711 1633 principia
1748 1550 2008 1629 edendi,
2060 1556 2525 1633 congruentem
2565 1549 2875 1633 qualitati
2913 1552 3232 1613 materiae

506 1662 803 1723 invenire
852 1661 1237 1739 possimus“.
1334 1657 1485 1721 Hoc
1544 1678 1802 1739 quoque
1858 1655 2005 1721 loco
2063 1660 2142 1740 (c.
2188 1659 2316 1740 19),
2361 1662 2436 1721 ut
2479 1655 2678 1739 paulo
2727 1662 2882 1720 ante
2929 1656 3231 1733 vidimus,

508 1766 965 1846 Hermagorae
1006 1767 1405 1829 mentionem
1446 1764 1631 1843 facit,
1672 1764 1787 1829 sed
1826 1768 2219 1829 sententiam
2258 1768 2399 1827 eius
2429 1784 2563 1827 non
2591 1767 2887 1845 sequitur
2927 1766 3235 1846 negantis

509 1875 578 1935 in
618 1870 873 1935 eudoxo
916 1892 1154 1953 genere
1193 1875 1513 1935 materiae
1554 1892 1692 1935 esse
1732 1869 2191 1953 praefandum.
2239 1870 2544 1952 Namque
2575 1869 2740 1933 haec
2770 1869 3234 1951 Hermagorae

508 1976 726 2041 verbis
765 1982 1069 2059 opponit:
1116 1976 1289 2056 „Sed
1328 1977 1489 2042 mihi
1525 1976 1721 2059 longe
1756 1978 1950 2042 aliter
1980 1977 2240 2042 videtur
2270 1983 2336 2041 et
2367 1998 2529 2059 pace
2561 1981 2731 2040 tanti
2761 1980 2882 2040 viri
2921 1976 3232 2055 dixerim3

509 2104 725 2165 neque
774 2088 947 2147 enim
995 2090 1096 2148 est
1141 2106 1398 2167 semper
1448 2083 1812 2167 spectanda
1861 2088 2245 2161 auctoritaS,
2312 2088 2542 2167 utique
2592 2104 2739 2147 cum
2785 2087 3046 2148 ratione
3093 2088 3232 2147 vin-

500 2196 721 2255 catur.
791 2189 1044 2255 Censeo
1101 2195 1302 2273 igitur
1359 2190 1524 2257 nihil
1582 2191 1936 2273 prohibere
1995 2195 2064 2255 in
2112 2189 2368 2255 eudoxo
2416 2210 2654 2271 genere
2704 2193 3020 2255 materiae
3073 2212 3233 2273 quo-

510 2302 724 2362 minus
770 2298 1171 2380 praefemur.
1220 2298 1407 2362 Nihil
1437 2302 1632 2377 enim,
1683 2302 1940 2380 opinor,
1989 2296 2148 2361 mali
2185 2297 2504 2379 benignos
2534 2296 2780 2361 iudices
2809 2296 3235 2381 benigniores

510 2404 736 2469 facere
795 2404 1190 2487 praefandO,
1254 2412 1347 2484 ut,
1418 2428 1563 2470 cum
1621 2403 1912 2470 offensos
1962 2405 2358 2470 adversariis
2416 2403 2728 2482 videmus,
2797 2404 3233 2470 offensionem

508 2510 693 2576 illam
759 2511 1037 2576 dicendo
1105 2534 1348 2595 augere
1416 2534 1749 2577 conemur.
1836 2511 2145 2595 Denique
2205 2510 2520 2575 auloedos
2577 2518 2644 2576 et
2701 2512 3120 2577 citharoedos
3165 2520 3236 2577 et

500 2624 766 2683 ceteros
832 2619 1025 2683 huius
1081 2619 1259 2683 modi
1316 2619 1624 2697 artificeS,
1696 2640 2097 2702 quamquam
2153 2640 2286 2683 non
2347 2616 2791 2701 polliceantur
2840 2622 3230 2696 orationem,

508 2725 801 2789 videmus
849 2732 1070 2789 tamen
1117 2723 1487 2809 praeloqui.
1540 2724 1715 2809 Quia
1762 2732 1916 2789 ante
1969 2729 2296 2789 actionem
2343 2731 2410 2789 et
2456 2729 2723 2790 omnino
2763 2731 2952 2789 curta
2990 2732 3058 2789 et
3093 2728 3236 2790 sinc

501 2833 714 2915 eapite
778 2833 985 2897 oratio
1048 2839 1160 2910 est,
1226 2854 1390 2915 quae
1452 2832 1593 2896 sine
1649 2832 1988 2916 pre'nce'pio
2043 2834 2124 2896 ab
2177 2833 2344 2916 ipsis
2397 2832 2586 2895 rebus
2631 2834 2904 2911 orditur,
2972 2838 3240 2897 utemur

506 2941 705 3003 etiam
760 2940 1120 3023 principiis
1179 2940 1256 3002 v'n
1322 2941 1519 3003 bonae
1586 2942 1916 3021 opinionis
1982 2942 2464 3017 controversiiS,
2533 2937 2649 3002 sed
2709 2938 3122 3003 brevioribus
3171 2946 3240 3004 et

508 3044 943 3109 erectioribus
1010 3044 1210 3127 paulo
1270 3052 1339 3109 et
1384 3045 1866 3109 confidentibus
1913 3052 1982 3109 et
2036 3044 2248 3128 plenis
2296 3045 2658 3127 dignitatis,
2725 3050 2863 3109 sine
2911 3049 3236 3110 iactantia

507 3150 875 3229 dumtaxat,
926 3173 1005 3214 ne
1055 3173 1161 3215 res
1210 3156 1429 3233 pariat
1475 3152 1856 3216 invidiam“.

725 3256 912 3341 Quae
952 3258 1148 3323 modo
1190 3258 1557 3323 audivimus
1593 3259 1796 3323 verba
1835 3258 1918 3323 ab
1950 3263 2272 3341 scriptore
2310 3262 2405 3323 ita
2434 3258 2884 3342 proferuntur,
2931 3266 3008 3323 ut
3045 3281 3236 3324 suam

507 3369 715 3448 ipsius
764 3368 1159 3428 sententiam
1208 3364 1563 3430 defendere
1613 3366 1936 3430 videa-tur.
1999 3365 2133 3431 Sed
2173 3388 2280 3431 ars
2319 3366 2675 3445 rhetorica,
2725 3386 2894 3448 quae
2938 3389 2978 3431 a
3018 3364 3236 3433 Grae-

508 3475 699 3535 venio
757 3492 970 3553 nuper
1028 3471 1206 3535 edita
1262 3470 1561 3536 Cornuto
1619 3472 1993 3551 tribuitur1,
2062 3472 2314 3536 fontem
2377 3472 2568 3537 nobis
2637 3471 2904 3556 detegit,
2964 3494 3046 3537 ex
3102 3496 3237 3557 quo

507 3577 619 3642 ille
662 3585 730 3642 et
766 3582 1163 3641 sententiam
1204 3600 1388 3643 suam
1429 3584 1497 3643 et
1534 3600 1739 3656 arma,
1791 3579 2028 3661 quibus
2076 3601 2221 3643 eam
2267 3586 2587 3658 tueretur,
2637 3584 3009 3661 sumpserit.
3057 3580 3240 3645 Nam

507 3690 578 3748 in
633 3684 747 3749 illo
805 3684 973 3749 libro
1034 3688 1125 3768 (p.
1165 3688 1245 3750 21
1291 3688 1411 3768 sq.)
1470 3684 1747 3769 legimus
1803 3686 1998 3752 haec:
2060 3688 2305 3766 Ἰστέον,
2365 3689 2454 3752 ὅτι
2508 3689 2805 3759 πολλάκις
2861 3689 2961 3753 δεῖ
3007 3713 3240 3770 παραι-

508 3795 745 3857 τεῖσθαι
809 3792 880 3857 τὰ
946 3796 1272 3875 προοίμια·
1332 3794 1409 3857 οὗ
1458 3794 1577 3875 γὰρ
1633 3795 1727 3858 ἀεὶ
1780 3796 2266 3875 προοιμιαστέον
2313 3845 2324 3856 .
2375 3845 2386 3856 .
2437 3845 2448 3857 .
2507 3796 2656 3859 ὅταν
2710 3796 2928 3860 οἰκεῖοι
2972 3794 3130 3860 ὦσιν
3177 3800 3241 3861 οἱ

504 3901 871 3971 ἀκούοντες·
930 3899 1211 3980 περιττὸν
1266 3900 1385 3981 γὰρ
1442 3900 1511 3964 τὸ
1566 3903 1905 3981 πειρᾶσθαι
1960 3904 2183 3971 εὔνους
2240 3904 2389 3983 ἡμῖν
2442 3910 2640 3965 ποιεῖν
2693 3901 2838 3972 τοὺς
2883 3904 3241 3970 ἀκούοντας·

508 4008 776 4076 οἰκείους
804 4006 1027 4076 ὄντας2
1059 4056 1069 4067 .
1098 4056 1146 4067 ..
1184 4006 1385 4076 Τινὲς
1416 4008 1493 4070 δὲ
1532 4009 1838 4088 ἔφασαν,
1871 4008 2124 4087 ὥσπερ
2155 4010 2222 4071 οἱ
2251 4008 2898 4088 Ἂπολλοδώρειοι,
2930 4009 3042 4077 ἀεὶ
3081 4010 3240 4073 δεῖν

727 4234 743 4269 ¹
782 4234 935 4304 Quae
996 4252 1083 4287 ars
1139 4234 1419 4287 rhetorica
1477 4236 1717 4302 primum
1764 4232 1991 4287 Parisiis
2043 4236 2180 4288 1840
2237 4254 2268 4289 a
2307 4236 2594 4305 Seguierio
2642 4253 2711 4289 ex
2749 4236 2941 4289 codice
2979 4235 3238 4291 Parisino

508 4324 608 4377 Gr.
643 4325 778 4377 1874
825 4323 977 4376 edita
1022 4328 1131 4389 est3
1189 4324 1372 4376 denuo
1420 4342 1451 4377 a
1492 4324 1824 4389 GraeveniO,
1873 4324 1968 4391 qui
2015 4325 2063 4376 ei
2111 4326 2414 4392 inscripsit:
2473 4325 2726 4379 ‘Cornuti
2760 4324 2902 4379 arith
2935 4324 3242 4379 rhetoricae

505 4414 751 4481 epitome.
790 4413 1039 4465 Berolini
1083 4412 1265 4467 1890’.

724 4500 745 4533 ²
783 4502 867 4553 Cf.
908 4500 1049 4568 frag.
1100 4518 1145 4553 c.
1187 4502 1280 4554 19:
1341 4501 1511 4554 ‘Nam
1562 4503 1603 4553 si
1652 4502 2078 4570 benivolentiae,
2133 4504 2314 4571 inquit
2360 4502 2804 4571 (Hermagoras),
2853 4504 3239 4559 conciliandae

509 4592 693 4659 gratia
730 4588 972 4657 praefari
1012 4590 1267 4654 solemus,
1309 4592 1366 4642 iu
1404 4592 1585 4643 bonae
1626 4592 1901 4659 opinionis
1939 4590 2184 4645 themate
2217 4631 2541 4645 ........
2570 4593 2795 4660 benigni
2836 4598 2964 4645 sunt
2991 4593 3046 4657 ii,
3086 4594 3242 4661 apud

506 4696 647 4747 quos
694 4696 880 4731 sumus
926 4677 1185 4743 locuturi,
1232 4678 1374 4731 nihil
1420 4686 1605 4732 autem
1653 4680 1857 4732 attinet
1904 4696 2098 4748 parare
2139 4682 2286 4749 quod
2327 4688 2582 4749 paratum
2621 4688 2720 4735 est.
2760 4721 2773 4734 .
2805 4724 2817 4735 .
2851 4723 2861 4735 .
2895 4721 2908 4735 .
2938 4721 2949 4733 .
2991 4681 3240 4736 Omnino

506 4772 671 4820 curia
702 4806 714 4819 .
746 4806 758 4818 .
792 4806 803 4818 .
844 4767 1021 4819 oratio
1062 4770 1162 4833 est,
1202 4784 1341 4835 quae
1382 4769 1496 4820 sine
1534 4768 1809 4837 principio
1842 4808 1854 4821 .
1887 4809 1898 4820 .
1931 4809 1942 4820 .
1985 4770 2234 4823 orditur)
