3567 5109
1527 316 2007 377 -168-

615 510 849 587 Neque
911 526 1077 570 vero
1145 507 1538 571 Iuvenalem
1605 506 1922 570 versibus
1987 509 2273 589 prolatis
2350 524 2503 572 cum
2544 508 2900 584 ·GraecOS,
2976 514 3119 570 tum

409 614 770 675 orientales
837 631 974 674 non
1041 613 1482 691 castigavisse
1547 631 1750 676 versu
1821 617 1944 672 114
1992 619 2061 674 et
2126 615 2244 691 qui
2314 617 2717 692 sequuntur,
2776 611 3122 674 docemur.

408 719 761 781 Exclamat
806 718 985 780 enim
1034 721 1271 797 poeta:

827 836 906 900 Et
955 836 1256 925 quoniam
1303 837 1504 921 coepit
1555 835 1949 901 Graecorum
1994 836 2240 917 mentio,
2292 835 2503 900 trami

819 941 1161 1027 yymnasia
1207 951 1398 1030 atque
1443 941 1603 1006 audi
1630 940 1913 1029 facinus
1957 941 2228 1006 maioris
2272 939 2533 1006 abollae.

619 1069 994 1149 Exspectes
1057 1071 1269 1147 igitur
1314 1069 1703 1132 Iuvenalem
1773 1069 2035 1131 facinus
2103 1068 2391 1130 alicuius
2439 1067 2684 1130 Graeci
2729 1066 3123 1146 philosophi

418 1174 794 1236 relaturum
861 1191 1042 1250 esse;
1111 1174 1234 1236 'sed
1299 1189 1590 1252 nequam
1637 1175 1829 1236 illum
1876 1174 2335 1254 philosphum,
2383 1190 2585 1251 quem
2634 1171 2707 1234 P.
2751 1171 3124 1249 Egnatium

414 1278 720 1342 Celerem
739 1279 786 1354 ¹)
837 1295 985 1340 esse
1033 1284 1612 1341 commentatores
1646 1278 2149 1353 intellexerunt,
2198 1295 2337 1338 non
2386 1295 2421 1338 e
2458 1277 2740 1340 Graecia
2786 1279 2957 1355 ipsa,
3005 1274 3127 1336 sed

416 1383 651 1458 TarSO,
701 1402 783 1445 ex
833 1384 1032 1445 Asiae
1079 1383 1269 1459 urbe,
1317 1385 1603 1446 Romam
1638 1385 1910 1445 venisse
1970 1401 2004 1444 e
2050 1381 2397 1443 Iuvenalis
2452 1381 2673 1461 ipsius
2716 1379 2952 1443 verbis

416 1491 722 1567 apparet,
770 1489 826 1548 si
875 1505 1028 1548 cum
1079 1504 1284 1549 versu
1338 1495 1456 1547 118

833 1647 846 1660 .
883 1649 895 1661 .
945 1617 1135 1658 aenea:
1179 1596 1331 1681 ripa
1377 1597 1666 1659 nutritas
1713 1596 1783 1660 in
1828 1595 1970 1672 illa,

829 1700 916 1762 acl
959 1723 1147 1784 qaam
1199 1699 1514 1787 Geryonai
1557 1697 1833 1785 delapsa
1878 1711 1966 1762 est
2002 1703 2218 1786 pinna
2266 1699 2503 1763 caballi
2565 1713 2577 1720 ”

416 1819 884 1893 conferuntur,
933 1833 1109 1895 quae
1141 1815 1469 1896 leguntur
1517 1817 1698 1896 apud
1745 1817 2149 1895 Dionysium
2200 1817 2461 1895 Pei-ieg.
2510 1835 2568 1878 v.
2616 1801 2855 1894 869170
2907 1817 3018 1894 (”--·
3065 1833 3128 1894 p·

420 1927 541 1983 157
589 1922 730 1998 M.):

842 2025 1100 2106 Ταρσὸν
1155 2025 1555 2107 εὐκτιμένην,
1603 2025 1716 2088 ὅθι
1762 2025 2000 2107 δήποτε
2051 2026 2356 2106 Πήγασος
2390 2023 2584 2099 ἵππος

835 2129 1079 2212 ταρσὸν
1109 2128 1296 2210 ἀφεὶς
1325 2131 1512 2213 χώρῳ
1557 2131 1742 2192 λίπεν
1798 2132 2067 2210 οὔνομα.

628 2253 856 2325 Quare
877 2253 1274 2316 Iuvenalem
1297 2251 1594 2315 Graecos
1619 2233 1804 2314 solos
1827 2258 2103 2332 praeter
2124 2261 2386 2315 ceteros
2420 2252 2580 2313 odio
2603 2255 3004 2315 insectatum
3029 2254 3131 2313 his

427 2359 760 2432 versibus,
809 2357 897 2420 ad
945 2375 1119 2436 quos
1167 2357 1470 2418 Marxius
1520 2356 1825 2436 legentes
1872 2360 2250 2432 revocavit,
2298 2376 2432 2419 non
2485 2356 3013 2419 demonstratur.

627 2463 861 2540 Neque
921 2464 1036 2538 eiS,
1092 2479 1270 2539 quae
1327 2463 1638 2540 exposui,
1694 2461 2001 2540 reliquos
2057 2462 2402 2523 Iuvenalis
2460 2463 2673 2535 Ιοοοε,
2732 2461 2985 2540 quibus
3044 2461 3127 2522 de

423 2566 705 2629 Graecis
751 2569 994 2646 agitur,
1041 2566 1318 2628 obstare
1365 2565 1746 2628 ostendam.
1795 2564 2138 2638 Quoniam
2189 2583 2362 2645 quae
2410 2567 2476 2628 in
2526 2573 2645 2630 sat.
2680 2567 2770 2628 VI
2808 2571 2885 2626 16
2908 2584 3041 2644 sq.:

835 2673 1101 2739 nondum
1141 2673 1408 2739 Graecis
1455 2674 1674 2739 iurare
1700 2679 1953 2760 paratis

832 2803 947 2864 per
1001 2790 1196 2864 caput
1225 2779 1494 2843 alterius

421 2898 504 2959 de
538 2897 816 2960 Graecis
867 2897 1270 2972 afferuntur,
1318 2916 1473 2960 eum
1507 2901 1621 2974 eis,
1669 2917 1846 2977 quae
1895 2899 1979 2961 de
2013 2899 2463 2962 orientalibus
2495 2899 2732 2978 priore
2779 2900 2934 2961 loco
2969 2917 3126 2977 pro-

423 3010 792 3081 ponuntur,
841 3007 1248 3081 congruunt,
1299 3004 1692 3066 Iuvenalem
1745 3005 1874 3066 hoc
1922 3022 2196 3083 quoque
2228 3023 2432 3066 versu
2466 3001 2766 3066 Graecos
2815 3011 2879 3065 et
2914 3006 3132 3065 orien-

422 3109 592 3170 tales
641 3109 1058 3186 spectavisse
1105 3108 1443 3170 existimo.
1493 3108 1754 3170 Deinde
1802 3108 2114 3171 versibus
2163 3114 2286 3169 224
2336 3117 2402 3171 et
2450 3127 2592 3187 seq.
2642 3116 2761 3170 sat.
2810 3107 2972 3170 VIII

838 3216 1018 3280 Haec
1061 3239 1256 3300 opera
1300 3225 1496 3306 atque
1543 3219 1661 3281 hae
1708 3229 1856 3281 aaut
1897 3219 2183 3304 generosi
2225 3219 2544 3302 principia
2588 3229 2775 3297 artes,

835 3320 1176 3405 qaudentt‘s
1203 3320 1404 3408 foedo
1439 3324 1788 3408 per-emina
1834 3322 1920 3384 ad
1953 3321 2221 3408 pulpita
2272 3332 2464 3386 cantu

834 3427 1153 3510 prostitui
1199 3423 1631 3510 Graeciaeque
1679 3427 1905 3510 apium
1951 3429 2251 3490 meruisse
2276 3450 2592 3504 ,coronam

425 3541 511 3602 in·
545 3541 908 3620 Neronem,
959 3561 1093 3604 non
1141 3542 1211 3634 in
1261 3541 1564 3605 Graecos
1612 3543 1972 3605 invehitur.
2023 3543 2195 3605 Tum
2242 3546 2311 3606 in
2360 3551 2476 3606 sat.
2526 3543 2679 3606 XIV
2730 3551 2806 3602 89
2833 3564 2931 3622 sq.

853 3651 1140 3715 culmina
1169 3650 1472 3716 villarum
1507 3651 1773 3718 Graecis
1809 3652 2105 3741 louqeque
2152 3655 2365 3738 petitis

847 3756 1266 3819 mamam-ibus
1295 3757 1554 3821 vincens
1585 3757 1913 3821 Fortunae
1960 3768 2149 3846 atque
2196 3758 2499 3822 Hercul-is
2544 3758 2755 3821 aedem

425 3909 507 3916 -ν
539 3873 892 3935 Iuvenalis
921 3874 992 3934 in
1027 3892 1166 3951 eOS,
1196 3875 1314 3952 qui
1347 3876 1808 3937 marmoribus
1840 3875 2229 3955 peregrinis
2262 3879 2465 3938 nimis
2500 3876 2878 3955 indulgent,
2912 3875 3137 3938 illudit

427 4013 510 4021 —-
557 3976 848 4039 Graecia
899 3985 964 4040 et
1011 3979 1241 4042 oriens
1289 3981 1820 4059 coniunguntur,
1875 3980 1943 4041 id
1993 3979 2181 4058 quod
2228 3979 2319 4042 ad
2365 3989 2675 4044 nostram
2724 3982 3133 4043 sententiam

429 4080 687 4162 optime
736 4082 1046 4160 quadrat.
1113 4085 1474 4146 Praeterea
1523 4083 1660 4146 duo
1695 4085 1828 4146 loci
1878 4090 2173 4161 exstant,
2241 4086 2492 4163 quibus
2540 4085 2827 4148 Graecia
2890 4085 3043 4165 ipsa
3096 4087 3138 4147 i.

429 4205 482 4249 e.
526 4201 653 4265 per
706 4189 1101 4268 μεταφοράν,
1167 4205 1375 4266 quam
1439 4189 1805 4268 appellant,
1864 4189 2108 4250 Graeci
2181 4189 2313 4269 ipsi
2383 4189 2859 4266 significantur
2912 4205 3137 4268 neque

427 4269 494 4352 in
571 4293 668 4352 eis
741 4290 956 4352 ullum
1031 4292 1266 4354 odium
1339 4291 1756 4355 Graecorum
1806 4295 1999 4355 inest.
2066 4294 2404 4355 Iuvenalis
2470 4295 2648 4355 enim
2715 4292 2787 4354 in
2852 4299 2972 4356 sat.
3018 4293 3137 4355 XV

431 4401 554 4455 100
578 4413 726 4474 sqq.
775 4413 899 4457 sua
965 4402 1181 4459 aetate
1246 4398 1770 4476 philosophiam,
1838 4397 2119 4474 cultum,
2176 4399 2666 4459 humanitatom
2724 4414 2850 4476 per
2914 4403 3136 4459 totum

431 4499 668 4562 orbem
735 4506 1083 4562 terrarum
1149 4500 1408 4563 diffusa
1473 4519 1621 4562 esse
1671 4500 1838 4563 dicit
1904 4509 1968 4563 et
2016 4503 2291 4563 Latinas
2338 4501 2604 4564 litteras
2653 4520 2805 4564 eum
2857 4501 3136 4564 Graecis

431 4606 783 4684 componit
829 4603 937 4666 his
983 4623 1146 4670 usus
1193 4604 1429 4668 verbis
1474 4624 1534 4668 v.
1586 4609 1726 4666 110.

646 4815 684 4874 ¹)
723 4814 802 4864 De
840 4826 905 4864 eo
945 4813 1091 4872 cont.
1129 4813 1256 4866 Tac.
1299 4814 1350 4863 h.
1391 4814 1466 4864 1v
1505 4817 1590 4878 40,
1631 4825 1760 4864 ann.
1798 4811 1927 4865 XVI
1966 4815 2060 4876 325
2104 4813 2207 4864 Dio
2245 4809 2402 4865 LXII
2438 4816 2522 4864 26.
