3567 5109
1444 322 1929 386 —115—

319 530 699 597 haurientes
763 530 1128 597 clarissima
1193 539 1500 615 poemata
1564 531 1771 598 multo
1829 539 1984 598 ante
2051 541 2420 616 panxerunt
2478 557 2673 618 quam
2735 536 2821 600 ad
2868 535 3045 620 leges

322 639 787 722 grammaticas
849 641 1141 705 animum
1196 641 1535 705 attendere
1593 647 1970 724 coeperunt,
2037 641 2215 723 apud
2261 640 2414 707 illos
2461 663 2570 706 ars
2618 644 3055 726 grammatica.

318 752 657 830 tamquam
697 745 1013 812 obstetrix
1040 749 1257 830 poesis
1294 747 1443 812 fuit.
1492 747 1745 812 Liberti
1775 748 1948 812 enim
1977 755 2043 812 et
2071 749 2395 832 peregrini
2433 771 2686 828 „rerum
2718 750 3049 815 dominis‘t

321 851 575 918 litteras
639 854 1089 918 excitaverunt
1151 861 1218 918 et
1286 854 1453 934 „tria
1518 855 1757 918 corda“
1831 854 2170 934 habentes,
2237 861 2314 919 ut
2377 855 2636 920 Ennius
2702 856 3052 939 gloriatur,

318 961 548 1026 rudem
594 959 1045 1026 Romanorum
1111 982 1476 1026 sermonem
1540 960 1879 1040 delabant,
1947 966 2021 1025 ut
2077 960 2300 1043 aliquo
2358 963 2553 1027 modo
2601 963 2690 1028 ad
2736 970 3055 1046 poemata·

318 1067 535 1151 aptior
580 1067 783 1132 fieret.
866 1067 951 1132 In
998 1066 1233 1133 litteris
1281 1067 1484 1150 igitur
1527 1067 1788 1133 Latinis
1835 1067 2042 1132 multo
2089 1069 2298 1150 magis
2347 1091 2547 1152 quam
2593 1070 2665 1134 in
2710 1070 2860 1136 aliis
2910 1093 3054 1136 ser-

318 1196 577 1240 monem
623 1173 895 1240 consilio
943 1182 1007 1239 et
1055 1174 1279 1239 dedita
1326 1195 1527 1257 opera
1574 1173 2059 1239 conformatum
2106 1195 2248 1239 esse
2287 1182 2585 1259 apparet.
2636 1176 2782 1262 Quo
2824 1178 3054 1242 studio-

315 1280 569 1346 factum
615 1288 735 1362 est,
782 1287 858 1345 ut
902 1280 1003 1346 vel
1050 1280 1560 1364 orthographiae
1606 1281 1920 1346 minutias
1965 1287 2200 1365 poetae
2249 1281 2403 1347 inde
2450 1283 2534 1348 ab
2583 1284 2804 1349 Ennio
2855 1307 3039 1349 cura-

316 1396 481 1454 rent.
556 1389 883 1454 Pacuvius
930 1388 1194 1471 quidem
1239 1389 1313 1453 in
1356 1388 1459 1453 his
1505 1387 1593 1452 ad
1638 1387 2032 1453 avunculum
2079 1409 2150 1452 se
2196 1389 2532 1472 applicare
2579 1393 2742 1456 satis
2786 1391 3045 1473 habuit,

318 1496 435 1562 sed
462 1496 710 1561 Accius
758 1496 1096 1579 complura
1144 1517 1352 1578 eaque
1399 1517 1534 1561 non
1572 1493 1739 1559 levia
1776 1495 2058 1575 novavit,
2108 1494 2284 1560 velut
2313 1498 2822 1580 geminationem
2849 1520 3042 1563 voca-

318 1602 477 1668 lium
534 1602 879 1688 longarum
934 1626 1081 1668 cum
1135 1604 1204 1668 in
1263 1602 1711 1686 compluribus
1765 1602 2024 1667 Italicis
2079 1609 2220 1668 tum
2274 1605 2343 1668 in
2402 1606 2546 1669 eius
2603 1606 2818 1688 patria
2865 1609 2934 1689 (i.
2985 1628 3047 1670 e.

314 1710 657 1794 Umbrica)
706 1709 1027 1776 dialecto¹
1091 1711 1405 1775 usitatam
1468 1709 1862 1775 auctoritate
1919 1731 2040 1774 sua
2095 1710 2164 1774 in
2220 1710 2412 1775 breve
2467 1718 2726 1796 tempus
2775 1713 3046 1778 civitate-

316 1817 621 1883 Romana
652 1817 934 1883 donavit.
979 1818 1337 1883 Praeterea
1372 1838 1523 1882 eum
1552 1814 1962 1882 Graecorum
1991 1816 2314 1882 rationem
2351 1825 2648 1883 secutum
2677 1841 2764 1903 ny
2801 1819 2972 1884 binis
2995 1842 3038 1904 9

316 1924 675 2007 significari
718 1924 985 1990 iussisse
1022 1924 1405 1990 Priscianus
1452 1921 1609 2006 (GL
1644 1923 1720 1987 II
1766 1927 1852 1989 30
1882 1923 2003 2007 K.)
2040 1930 2108 1988 et
2149 1927 2490 1990 scaenam.¹¹
2527 1925 2805 2008 simplici
2851 1949 2884 1990 e
2929 1948 3045 1990 vo-

316 2029 443 2096 cali
490 2031 829 2114 scripsisse
873 2030 1094 2100 Varro
1152 2031 1255 2115 (L.
1306 2031 1384 2095 L.
1423 2030 1565 2097 VH
1604 2031 1717 2112 96)
1776 2030 2126 2094 memoriae
2175 2031 2414 2114 prodit.
2510 2030 2728 2115 Quam
2775 2033 3047 2097 anxiam

316 2136 725 2204 Graecorum
769 2139 1201 2204 imitationem
1249 2158 1398 2202 cum
1442 2143 1699 2220 reput0‚
1747 2136 2110 2202 Ribbeckio
2161 2159 2278 2220 pro
2330 2135 2714 2222 Ganymede
2762 2146 2828 2204 et
2865 2139 3038 2204 Lao-

314 2244 619 2310 medonte
666 2245 914 2310 formas
961 2245 1324 2310 Catamitus
1361 2251 1427 2310 et
1462 2243 1819 2308 Almnento
1856 2242 1952 2326 (A
1973 2245 2129 2328 653)
2167 2244 2528 2310 Ritschelio
2569 2245 2734 2311 duce
2765 2245 3048 2330 (Opusc.

312 2351 389 2416 H
437 2354 566 2417 495
614 2352 794 2435 adn.)
840 2350 1215 2416 restituenti
1270 2350 1589 2416 adsentiri
1644 2350 1894 2429 dubito,
1952 2353 2340 2434 praesertim
2387 2374 2535 2416 cum
2579 2352 2830 2418 Iordan
2875 2353 2946 2435 (l.
2993 2353 3038 2418 l.

313 2480 377 2541 p.
428 2459 543 2545 65)
609 2458 937 2524 monuerit
997 2459 1403 2537 catamitum,
1470 2477 1639 2540 quae
1696 2456 1912 2522 forma
1969 2458 2252 2539 genuina
2316 2457 2511 2523 lectio
2569 2467 2670 2524 est
2722 2460 2790 2523 in
2846 2460 3044 2524 Men-

312 2565 601 2630 aechmis
646 2587 704 2629 v.
740 2567 887 2644 144,
933 2565 1068 2629 iam
1113 2564 1184 2628 in
1231 2564 1571 2630 comoedia
1616 2563 1942 2647 paulatim
1977 2587 2218 2630 nomen
2263 2565 2738 2648 appellativum
2783 2567 3039 2632 factum

315 2673 651 2738 notionem
714 2671 972 2752 exoleti,
1040 2693 1239 2754 quam
1303 2670 1484 2755 apud
1540 2672 1890 2754 scriptores
1937 2673 2315 2754 posterioris
2371 2673 2610 2738 aetatis
2655 2673 2874 2751 habet,
2937 2675 3040 2738 in-

317 2778 537 2843 duisse
584 2760 941 2862 eodemque
990 2779 1185 2844 modo
1232 2776 1499 2843 titulum
1546 2786 1810 2844 saturae
1857 2778 2318 2848 Varronianae
2374 2780 2444 2844 in
2490 2780 2732 2845 malam
2780 2786 3042 2862 partem.

530 2957 548 2992 ¹
585 2957 669 3010 Cf.
708 2957 783 3010 H.
822 2957 1146 3024 Iordanum,
1184 2957 1499 3010 ‘Kritische
1540 2957 1800 3027 Beitr'a‘ge
1839 2975 1935 3010 zur
1973 2958 2162 3010 latein.
2205 2957 2477 3027 Sprache'
2517 2975 2569 3027 p.
2601 2958 2721 3013 195.

528 3045 549 3079 ²
585 3045 880 3116 Quomodo
920 3047 1151 3116 vulgare
1190 3047 1330 3099 illud
1368 3064 1433 3100 ae
1468 3049 1528 3099 in
1568 3046 2024 3100 consuet-udinem
2056 3049 2288 3114 venerit,
2327 3047 2532 3116 duplex
2571 3051 2654 3100 est
2691 3049 3038 3104 coniectura.

312 3135 787 3188 Maurenbrecher
824 3136 1063 3204 (Archiv
1092 3135 1130 3188 f.
1161 3137 1260 3189 lat.
1289 3135 1425 3189 Lex.
1458 3135 1612 3191 VIII
1648 3137 1777 3204 293)
1817 3137 2020 3205 aliique
2058 3155 2122 3190 ae
2160 3137 2476 3191 adhibitum
2515 3155 2626 3190 esse
2665 3139 3037 3207 arbitrantur,

308 3232 373 3281 ut
413 3225 691 3280 Graecum
728 3243 783 3295 η,
830 3226 978 3294 quod
1025 3227 1203 3294 magis
1249 3225 1441 3279 hiante
1479 3243 1575 3279 ore
1613 3243 1781 3295 quam
1818 3225 2085 3280 Latinum
2123 3236 2158 3280 δ
2186 3228 2678 3295 pronuntiabatur,
2717 3230 3033 3284 accuratius

308 3319 730 3386 exprimeretur.
769 3314 981 3368 Contra
1001 3313 1254 3368 Solmsen
1284 3315 1836 3384 (‘Untersuchungen
1858 3321 1956 3368 zur
1982 3317 2367 3385 griechischen
2385 3316 2558 3370 Laut·
2579 3316 2691 3369 und
2713 3317 3040 3386 Verslehre,

311 3405 632 3474 Strassburg
669 3404 833 3458 1901’
872 3423 925 3472 p.
955 3404 1060 3457 279
1100 3403 1250 3471 adn.)
1295 3421 1360 3458 ae
1404 3404 1591 3458 locum
1638 3404 1935 3474 dipthongi
1985 3405 2238 3458 obtinere
2285 3409 2472 3458 censet
2519 3405 2858 3459 documento
2905 3423 3032 3460 usus

307 3498 477 3551 titulo
507 3493 635 3548 CIL
672 3493 703 3546 I
742 3494 897 3560 1280,
935 3494 995 3546 in
1025 3510 1134 3562 quo
1162 3493 1362 3546 scaina
1390 3497 1600 3561 exstat3
1640 3511 1808 3562 quam
1846 3493 2086 3547 formam
2115 3511 2184 3548 ex
2213 3495 2456 3548 dialecto
2487 3494 2731 3564 Magnae
2761 3495 3033 3550 Graeciae·

308 3588 547 3657 petitam
584 3601 715 3651 esse,
750 3583 846 3636 ubi
883 3586 1106 3651 praeter
1134 3596 1326 3638 σκανα
1352 3582 1583 3637 fortasse
1612 3597 1827 3638 σκαινα
1853 3584 1911 3636 in
1939 3601 2040 3636 usu
2068 3582 2275 3638 fuisset.
2314 3586 2504 3653 Atque
2533 3601 2592 3636 re
2621 3601 2754 3638 vera
2781 3585 3028 3638 radicem

308 3675 610 3746 quandam,
650 3689 791 3742 quae
827 3689 1076 3741 opacare,
1124 3671 1447 3727 inumbrare
1493 3674 1661 3740 valet,
1707 3673 1924 3726 subesse
1970 3690 2202 3741 eamque
2239 3675 2296 3726 in
2336 3674 2427 3726 -ᾶί
2468 3675 2828 3726 terminatam
2865 3674 3033 3728 fuisse

309 3764 689 3834 compluribus
725 3761 991 3830 exemplis
1030 3762 1375 3830 comprobat.
1450 3763 1669 3816 Harum
1705 3764 2146 3831 explicationum
2185 3763 2287 3816 illa
2322 3764 2484 3816 nobis
2520 3763 2810 3832 praeclusa
2845 3769 2944 3831 est,
2983 3766 3032 3816 si

308 3855 595 3910 Romanos
640 3857 697 3906 et.
744 3869 861 3905 rem
898 3853 956 3904 et
994 3851 1073 3902 rei
1118 3867 1323 3904 nomen
1361 3869 1395 3904 a
1430 3851 1659 3906 Graecis
1703 3851 1909 3905 Italiae
1957 3851 2234 3906 inferioris
2281 3852 2568 3920 sumpsisse
2611 3852 2924 3919 statuimus,
2969 3853 3030 3906 id

308 3945 461 4014 quod
498 3944 737 3996 multum
776 3939 1192 4010 probabilitatis
1228 3940 1419 4008 habet,
1454 3941 1594 3995 haec
1634 3943 1767 3995 satis
1806 3941 2103 3995 commoda
2139 3941 2378 3994 videtur.
2419 3939 2581 4010 Quod
2613 3957 2742 3993 vero
2774 3939 3030 3994 Solmsen

306 4036 639 4104 scripturam
684 4031 885 4084 scaina
930 4029 1151 4082 firmum
1199 4035 1589 4100 argumentum
1637 4048 1750 4084 esse
1799 4030 2029 4097 iudicat,
2073 4031 2126 4082 ei
2173 4047 2286 4082 non
2334 4029 2632 4082 adsentior.
2707 4027 2895 4098 Quid?
2932 4031 3028 4097 qui

304 4125 535 4178 titulum
574 4119 936 4175 incidendum
966 4120 1205 4186 curavit,
1241 4137 1425 4174 nonne
1454 4119 1573 4174 fieri
1603 4121 1807 4189 potuit,
1845 4125 1908 4172 ut
1937 4121 2331 4188 antiquitatem
2372 4118 2662 4172 adfectans
2699 4117 2843 4172 falso
2880 4117 3031 4172 hanc

304 4213 547 4267 formam
594 4215 825 4280 poneret
874 4225 1047 4277 aeque
1097 4213 1264 4276 atque
1311 4210 1371 4262 in
1415 4209 1539 4278 lege
1585 4209 2021 4277 repetundarum
2059 4207 2186 4262 CIL
2225 4208 2255 4261 Ι
2295 4208 2450 4280 19816
2490 4206 2651 4260 faber
2696 4208 2798 4260 tali
2839 4207 3028 4262 studio

304 4301 507 4355 ductus
540 4317 643 4368 pro
672 4299 903 4368 coeperit
938 4298 1162 4366 scripsit
1198 4297 1443 4367 em'perit.
1480 4297 1672 4352 Nihilo
1702 4300 1870 4351 setius
1900 4297 2248 4350 Solmsenum
2277 4301 2494 4350 rectum
2523 4296 2722 4350 vidisse
2750 4297 3028 4353 existimo.

304 4391 451 4445 Nam
490 4388 639 4459 apud
674 4388 889 4441 incolas
926 4386 1173 4455 Magnae
1211 4386 1481 4440 Graeciae
1518 4401 1731 4443 σκαινα
1776 4388 2052 4440 exstitisse
2090 4386 2180 4440 vel
2226 4386 2427 4438 saltem
2476 4387 2738 4438 exsistere
2783 4387 3028 4454 potuisse

305 4482 589 4535 simillimo
637 4478 893 4546 exemplo
938 4477 1123 4530 evinci
1168 4480 1369 4545 potest.
1440 4475 1511 4530 In
1548 4475 1878 4546 Aesculapii
1920 4477 2066 4529 enim
2111 4476 2334 4528 nomine
2383 4473 2576 4527 itidem
2622 4491 2708 4528 res
2754 4491 2808 4528 se
2853 4474 3028 4529 habet

306 4574 364 4623 et
408 4573 817 4638 peropportune
874 4564 965 4632 fit,
1021 4565 1171 4634 quod
1227 4566 1285 4618 in
1340 4581 1406 4619 eo
1462 4565 1667 4634 gradus
1722 4565 2048 4618 mutationis
2103 4565 2396 4618 observare
2451 4580 2760 4632 possumus:
2818 4564 3025 4617 Dorica

306 4659 491 4714 forma
518 4657 870 4726 Ἀσκληπιός
907 4657 965 4708 in
992 4660 1181 4708 statua
1209 4655 1545 4709 Bononiensi
1575 4654 1779 4720 (Roehl
1817 4655 1990 4708 IGrA
2017 4653 2143 4722 549)
2179 4654 2388 4722 scripta
2424 4656 2506 4705 est
2545 4652 3028 4710 ΑΙΣΧᾺΑΙἨΙΟῘ

304 4763 539 4817 eamque
585 4747 915 4800 translatam
965 4745 1277 4798 invenimus
1315 4745 1372 4797 in
1409 4744 1577 4798 titulo
1616 4747 1842 4813 paterae
1880 4743 2150 4797 Etruscae
2188 4741 2518 4809 (Schneider
2555 4758 2608 4792 n.
2638 4741 2730 4809 21)
2769 4739 3028 4810 Az'sclapi

296 4839 541 4907 pocolom
550 4879 561 4890 .

2811 4938 2878 4992 3*
