3567 5109
1358 319 1844 382 —143—

215 529 548 596 Terentio
597 549 742 613 gen.
779 537 1140 596 vestrorum
1187 551 1306 614 pro
1351 532 1551 595 vestri
1595 529 1680 610 (P
1703 531 1815 611 62)
1862 534 2227 594 communis
2264 530 2401 594 est²
2438 535 2506 594 et
2541 528 2750 594 Accio
2788 551 2965 599 nom.

213 639 427 723 ipsus
474 635 571 717 (A
591 639 772 718 229);
821 641 935 720 qui
983 636 1162 720 quod
1209 635 1387 719 apud
1434 637 1795 702 Pacuvium
1850 657 1985 702 non
2040 643 2273 716 exstat,
2322 657 2479 702 casu
2526 637 2775 702 factum
2820 658 2965 702 esse

221 747 452 828 quivis
499 744 833 809 concedet.
923 741 1200 826 Ambigi
1245 763 1396 808 vero
1443 750 1682 827 potest,
1739 750 1959 808 utrum
2014 744 2085 808 hi
2132 765 2279 808 cum
2326 743 2638 809 Terentio
2684 765 2965 829 eumpse,

219 873 420 936 eopse
455 851 946 934 repudiaverint
979 872 1204 916 necne.
1252 850 1505 916 Unicus
1540 850 1750 930 locus,
1793 872 1923 934 quo
1961 873 2223 936 eumpse
2258 850 2533 933 legimus
2570 850 2629 914 P
2648 853 2733 916 39
2770 853 2968 916 illum

221 980 502 1043 eumpse
557 959 854 1043 mpidem,
909 959 1030 1042 qui
1079 959 1229 1042 ipsa
1274 959 1404 1022 ‘ieta
1448 964 1557 1040 est,
1605 959 1778 1043 petit
1823 959 2213 1024 auctoritate
2262 959 2566 1023 codicum
2612 959 2967 1024 destitutus

221 1072 360 1144 est,
428 1066 540 1148 qui
591 1087 742 1130 eum
785 1066 1012 1148 ipsum
1057 1064 1394 1147 praebent.
1478 1063 1674 1148 Quod
1726 1065 1999 1130 tolerari
2044 1085 2179 1130 non
2234 1085 2425 1148 posse
2472 1071 2675 1149 patet.
2756 1064 2968 1130 Nulla

224 1179 462 1237 autem
509 1171 882 1236 emendatio
931 1175 1300 1253 promptior
1345 1177 1446 1236 est
1491 1192 1688 1254 quam
1736 1194 2013 1256 eumpse.
2104 1171 2331 1256 Atque
2380 1171 2571 1237 Neue
2618 1171 2761 1252 (11³
2804 1175 2965 1254 404)

223 1277 610 1361 exemplum
648 1277 886 1356 adfert,
925 1277 1100 1342 unde
1138 1279 1626 1360 exspectatione
1665 1277 1897 1344 melius
1935 1280 2372 1362 cognoscitur,
2414 1279 2967 1362 quemadmodum

221 1407 502 1470 eumpse
545 1385 964 1451 librariorum
1011 1405 1214 1467 opera
1261 1385 1592 1467 gradatim
1639 1385 2069 1469 depravatum
2118 1391 2233 1452 sit:
2308 1386 2529 1451 Plaut.
2577 1386 2787 1452 Persa
2836 1388 2965 1451 603

223 1515 458 1561 eum-se
502 1491 767 1558 exhibet
809 1491 898 1570 A,
945 1513 1097 1556 eum
1137 1493 1278 1576 ipse
1323 1491 1550 1571 BCD,
1594 1515 1744 1557 eum
1788 1494 2013 1578 ipsum
2056 1493 2135 1558 F.
2193 1492 2419 1558 Minus
2464 1493 2721 1558 firmum
2768 1492 2967 1560 docu-

223 1607 532 1665 mentum
579 1605 682 1664 est
723 1600 1026 1663 iunctura
1071 1621 1294 1684 reapoe
1340 1598 1426 1681 (P
1446 1601 1552 1679 26,
1593 1601 1780 1682 374);
1826 1621 1983 1664 nam
2029 1621 2110 1664 ex
2144 1622 2214 1665 re
2260 1623 2444 1686 eapse
2480 1600 2647 1664 adeo
2698 1599 2965 1679 coaluit,

227 1714 316 1772 ut
353 1708 554 1771 etiam
585 1705 923 1772 Ciceronis
953 1712 1170 1771 aetate
1212 1705 1506 1772 adverbii
1543 1711 1755 1771 instar
1790 1713 2237 1789 usurparetur.
2282 1707 2583 1772 Ribbeck
2618 1728 2967 1790 perperam

229 1817 583 1898 separavit
626 1835 694 1878 re
737 1835 892 1897 apae
937 1819 1004 1877 et
1037 1813 1324 1878 formam
1359 1835 1513 1897 apse
1552 1813 1829 1894 (Coroll.
1865 1821 1942 1878 tr.
1984 1837 2043 1898 p.
2072 1813 2508 1895 XXXVIII)
2548 1819 2753 1880 veteri
2780 1814 2963 1880 Lati-

229 1923 442 1986 nitati
486 1919 868 1998 vindicavit3
923 1940 1121 2001 quam
1165 1941 1249 1984 ne
1297 1923 1368 1984 in
1411 1923 1608 1984 tertia
1656 1919 1923 2002 quidem
1978 1921 2263 1986 editione
2311 1926 2604 2001 removit,
2650 1926 2774 1987 etsi
2820 1941 2968 1986 eum

230 2029 386 2094 Leo
403 2029 427 2066 ²
453 2027 784 2093 refutavit.
821 2027 1041 2092 Huius
1071 2028 1622 2109 argumentationi
1655 2026 2035 2092 addendum
2064 2035 2165 2092 est
2189 2027 2371 2093 Festi
2403 2027 2549 2094 loco
2576 2033 2662 2112 (p.
2694 2031 2823 2094 286
2852 2029 2967 2108 Μ.,

232 2140 378 2202 402
407 2135 556 2216 Th.)
611 2133 1070 2199 tantummodo
1125 2133 1196 2196 in
1249 2133 1558 2198 lemmate
1613 2132 1742 2217 legi
1790 2157 1982 2218 reque
2025 2155 2199 2218 apse,
2256 2134 2325 2200 in
2372 2135 2584 2200 verbis
2633 2135 2969 2218 Scipionis

231 2242 557 2308 Africani
621 2240 840 2308 allatis
905 2247 974 2305 et
1025 2239 1223 2305 Pauli
1278 2241 1601 2324 excerptis
1664 2261 1887 2306 veram
1944 2240 2225 2307 formam
2276 2265 2472 2327 reque
2526 2265 2712 2328 eapse
2764 2243 2969 2307 libros

232 2351 568 2416 exhibere.
617 2349 924 2416 Ceterum
961 2346 1070 2411 hic
1099 2345 1560 2412 Bentleianum
1601 2347 1797 2414 illud:
1829 2353 2029 2414 ‘ratio
2060 2357 2321 2414 centum
2352 2349 2689 2415 codicibus
2716 2350 2965 2433 potior'

235 2455 694 2524 adhibendum
743 2462 900 2520 erat.
995 2453 1216 2538 Quare
1273 2461 1560 2520 statuere
1607 2475 1961 2538 possumus
2007 2455 2369 2520 Pacuvium
2412 2457 2483 2520 in
2526 2457 2654 2521 hac
2703 2476 2965 2540 quoque

232 2585 310 2629 re
364 2586 406 2628 a
451 2562 695 2628 Plauto
743 2569 919 2628 stare
968 2560 1166 2644 idque
1216 2581 1294 2626 eo
1332 2563 1540 2645 magis
1578 2561 1823 2642 licebit,
1874 2583 2021 2628 cum
2061 2562 2192 2627 alio
2230 2563 2379 2629 loco
2418 2562 2521 2628 vel
2557 2562 2671 2629 illo
2708 2563 2969 2628 fidelior

235 2675 520 2736 antistes
567 2672 886 2734 sermonis
932 2672 1136 2752 prisci
1183 2675 1508 2752 appareat
1561 2669 1839 2734 formam
1885 2691 2081 2754 εαμςα
2128 2673 2209 2750 (v,
2251 2671 2409 2753 324)
2454 2691 2833 2754 propagans
2882 2669 2966 2734 ab

237 2776 574 2842 avunculo
630 2775 946 2840 traditam
992 2773 1198 2859 (Ann.
1237 2777 1367 2839 430
1415 2774 1498 2843 V.
1513 2777 1582 2858 ²).
1667 2768 1865 2859 Quod
1910 2795 2271 2859 pronomen
2316 2775 2558 2841 Holtze
2604 2799 2666 2860 p.
2706 2779 2792 2842 36
2839 2780 2969 2840 vim

239 2883 458 2952 solam
505 2887 862 2966 respiciens
909 2904 988 2948 ex
1031 2905 1100 2947 se
1145 2884 1292 2967 ipsa
1337 2889 1869 2965 coagmentatum
1917 2903 2058 2949 esse
2109 2888 2392 2964 censuit;
2468 2890 2537 2949 at
2582 2883 2654 2948 id
2700 2882 2969 2948 ductum

239 3013 392 3058 esse
433 3013 474 3056 a
511 2995 712 3073 stirpe
753 2990 885 3067 ³⁸30,
931 3011 1128 3073 quam
1177 2990 1352 3054 idem
1389 2988 1524 3054 fere
1563 2988 1782 3054 valere
1822 2997 2021 3073 atque
2054 2992 2115 3054 is
2154 2998 2221 3054 et
2257 2990 2534 3056 articulo
2568 2989 2829 3056 Graeco
2867 3011 2968 3054 re-

240 3098 574 3184 spondere
605 3096 940 3164 Sommer³
977 3096 1279 3180 explicat,
1318 3116 1439 3180 per
1477 3097 1744 3161 Festum
1783 3097 2045 3162 edoceri
2070 3097 2289 3180 potuit
2314 3097 2606 3180 (325M.‚
2638 3100 2767 3163 476
2789 3096 2968 3180 Tha)

240 3229 374 3272 sas
415 3206 684 3270 Verrius·
713 3211 912 3289 putat
935 3205 1310 3288 ειφιτῇἱοανε
1347 3225 1516 3268 eas,
1607 3205 1827 3269 ‚taem
1852 3226 2003 3270 eum
2028 3205 2129 3268 ait
2160 3225 2469 3288 sapsam
2494 3226 2621 3290 pro
2658 3205 2849 3289 ipsa.
2882 3239 2970 3252 --

239 3313 604 3378 Praeterea
639 3311 966 3376 Pacuvius
1011 3311 1480 3375 nominativum
1524 3256 1692 3394 plur.
1737 3311 1819 3390 τὶς,
1868 3315 1981 3394 qui
2028 3311 2167 3375 eius
2212 3317 2431 3376 aetate
2476 3331 2683 3395 prope
2728 3332 2969 3376 evanu-

242 3420 449 3500 erat⁴,
498 3419 568 3483 in
615 3418 740 3483 hoc
786 3439 976 3482 versu
1022 3417 1266 3501 posuit:

721 3527 846 3589 221
897 3546 1052 3609 ques
1095 3531 1256 3590 sunt
1295 3524 1399 3589 is?
1448 3525 1670 3610 Iynoti
1709 3525 1925 3590 nescio
1969 3547 2124 3608 ques
2166 3524 2498 3608 iynobileS,

243 3637 302 3697 si
351 3631 640 3698 Charisii
688 3631 902 3696 codici
946 3631 1109 3696 fides
1157 3637 1259 3696 est
1303 3630 1611 3697 habenda
1657 3630 1829 3714 (GL.
1876 3631 1933 3711 I,
1982 3653 2043 3714 p.
2094 3633 2241 3711 133,
2289 3633 2377 3714 4).
2451 3630 2733 3716 Aliquid
2780 3631 2968 3696 dubi·-

239 3739 518 3804 tationis
549 3741 721 3802 enim
751 3738 968 3817 datur,
1000 3738 1158 3820 quia
1187 3736 1395 3802 altero
1425 3737 1571 3802 loco
1604 3735 1778 3822 (GL.
1811 3738 1867 3818 Ι,
1892 3761 1953 3822 p.
1985 3741 2091 3819 91,
2126 3741 2237 3821 19)
2265 3739 2441 3804 idem
2470 3757 2695 3802 versus
2726 3742 2966 3802 omisso

241 3848 304 3910 is
351 3846 670 3927 repetitur
717 3849 832 3928 (an
868 3849 939 3909 in
973 3843 1283 3909 librarios
1312 3843 1509 3930 culpa
1539 3844 1939 3911 conferenda
1966 3843 2137 3929 est?)
2184 3852 2253 3910 et
2275 3844 2656 3910 Priscianus
2688 3842 2831 3910 GL.
2858 3843 2973 3909 ΠΙ

243 3955 307 4032 9,
347 3954 429 4017 16
467 3974 622 4036 ques
657 3958 819 4017 sunt
849 3949 1012 4017 isti?
1049 3955 1360 4017 exaravit.
1427 3951 1500 4017 Si
1539 3971 1691 4016 vero
1732 3951 1915 4016 locos
1951 3951 2436 4035 perpendimuS,
2486 3952 2711 4016 statim
2747 3971 2970 4016 verum

245 4057 534 4140 effulget.
561 4057 791 4123 Priore
813 4057 1100 4124 Charisii
1127 4057 1297 4138 loco,
1321 4059 1631 4140 quoniam
1651 4059 1732 4124 de
1753 4058 2195 4124 declinatione
2214 4060 2623 4143 pronominis
2650 4060 2711 4122 is
2740 4062 2973 4141 agitur,

248 4169 318 4229 in
355 4164 669 4248 exemplis
709 4165 1059 4247 adscriptis
1098 4163 1325 4248 aliqua
1362 4164 1554 4229 huius
1591 4166 2001 4248 pronominis
2030 4165 2243 4230 forma
2272 4169 2483 4230 inesse
2514 4164 2729 4244 debet,
2761 4163 2969 4229 altero

251 4271 332 4336 de
371 4275 775 4337 nominativo
813 4293 970 4356 ques
1007 4276 1356 4354 exponitur
1392 4271 1616 4355 ibique
1653 4271 1907 4352 vocula,
1949 4292 2119 4355 quae
2155 4271 2321 4336 nihil
2360 4270 2445 4336 ad
2480 4291 2619 4338 rem
2657 4270 2970 4350 faciebat,

470 4465 488 4500 ²
527 4465 684 4519 Neue
721 4463 820 4519 11³
854 4465 1074 4536 359160.

467 4553 489 4588 ²
525 4553 672 4608 Mus.
709 4553 892 4608 Rhen.
931 4553 1258 4609 XXXVIII
1295 4555 1348 4619 8,
1385 4555 1513 4610 adn.
1551 4555 1602 4610 5.

467 4641 490 4676 ³
528 4641 901 4698 ‘Handbuch’
938 4661 992 4712 p.
1020 4643 1144 4698 461.

467 4731 488 4765 ⁴
525 4729 668 4786 Nam
714 4733 822 4785 nisi
867 4733 926 4785 in
973 4732 1153 4786 titulis
1201 4733 1388 4800 ibique
1426 4733 1740 4802 antiquiore
1778 4729 2180 4800 orthographia
2217 4731 2315 4801 eis,
2361 4731 2484 4802 ceth,
2524 4732 2627 4786 icis
2664 4731 2839 4799 (Neue
2878 4730 2973 4785 ΙΙ3

259 4819 382 4888 383)
419 4837 692 4889 nusquam
730 4825 932 4876 exstat.
