<?xml version="1.0" encoding="UTF-8"?>
<!DOCTYPE html PUBLIC "-//W3C//DTD XHTML 1.0 Transitional//EN"
    "http://www.w3.org/TR/xhtml1/DTD/xhtml1-transitional.dtd">
<html xmlns="http://www.w3.org/1999/xhtml" xml:lang="en" lang="en">
 <head>
  <title>
</title>
<meta http-equiv="Content-Type" content="text/html;charset=utf-8" />
  <meta name='ocr-system' content='tesseract 3.04.00' />
  <meta name='ocr-capabilities' content='ocr_page ocr_carea ocr_par ocr_line ocrx_word'/>
</head>
<body>
  <div class='ocr_page' id='page_1' title='image "./dissertationesp09wiengoog_0093.png"; bbox 0 0 3567 5109; ppageno 0'>
   <div class='ocr_carea' id='block_1_1' title="bbox 1363 308 1899 375">
    <p class='ocr_par' dir='ltr' id='par_1_1' title="bbox 1363 308 1899 375">
     <span class='ocr_line' id='line_1_1' title="bbox 1363 308 1899 375; baseline -0.004 0"><span class='ocrx_word' id='word_1_1' title='bbox 1363 308 1899 375; x_wconf 80' lang='lat'>.-85-</span> 
     </span>
    </p>
   </div>
   <div class='ocr_carea' id='block_1_2' title="bbox 333 498 3037 687">
    <p class='ocr_par' dir='ltr' id='par_1_2' title="bbox 333 498 3037 687">
     <span class='ocr_line' id='line_1_2' title="bbox 539 498 3037 582; baseline 0.002 -21"><span class='ocrx_word' id='word_1_2' title='bbox 539 500 898 580; x_wconf 89' lang='lat' dir='ltr'>Interpres</span> <span class='ocrx_word' id='word_1_3' title='bbox 948 502 1185 579; x_wconf 78' lang='lat' dir='ltr'>igitur,</span> <span class='ocrx_word' id='word_1_4' title='bbox 1254 520 1673 582; x_wconf 89' lang='lat' dir='ltr'>quamquam</span> <span class='ocrx_word' id='word_1_5' title='bbox 1745 502 2090 565; x_wconf 85' lang='lat' dir='ltr'>vocabulo</span> <span class='ocrx_word' id='word_1_6' title='bbox 2134 498 2349 565; x_wconf 78' lang='lat' dir='ltr'><em>rhetor</em></span> <span class='ocrx_word' id='word_1_7' title='bbox 2412 520 2581 565; x_wconf 94' lang='lat' dir='ltr'>usus</span> <span class='ocrx_word' id='word_1_8' title='bbox 2638 510 2744 565; x_wconf 84' lang='lat' dir='ltr'>est</span> <span class='ocrx_word' id='word_1_9' title='bbox 2792 502 2903 581; x_wconf 82' lang='lat' dir='ltr'>(cf.</span> <span class='ocrx_word' id='word_1_10' title='bbox 2951 504 3037 565; x_wconf 90' lang='lat' dir='ltr'>ad</span> 
     </span>
     <span class='ocr_line' id='line_1_3' title="bbox 333 599 3033 687; baseline 0.001 -24"><span class='ocrx_word' id='word_1_11' title='bbox 333 610 456 665; x_wconf 83' lang='lat' dir='ltr'>sat.</span> <span class='ocrx_word' id='word_1_12' title='bbox 493 603 619 665; x_wconf 85' lang='lat' dir='ltr'>VII</span> <span class='ocrx_word' id='word_1_13' title='bbox 653 607 776 665; x_wconf 82' lang='lat'>204</span> <span class='ocrx_word' id='word_1_14' title='bbox 811 599 994 663; x_wconf 78' lang='lat' dir='ltr'>Sicut</span> <span class='ocrx_word' id='word_1_15' title='bbox 1033 600 1517 687; x_wconf 66' lang='grc' dir='ltr'>ΊῚιναεψηαοῘιί]</span> <span class='ocrx_word' id='word_1_16' title='bbox 1567 602 1833 666; x_wconf 75' lang='lat' dir='ltr'>rhetoris</span> <span class='ocrx_word' id='word_1_17' title='bbox 1876 602 2053 687; x_wconf 78' lang='lat' dir='ltr'>apud</span> <span class='ocrx_word' id='word_1_18' title='bbox 2097 602 2403 681; x_wconf 71' lang='lat' dir='ltr'>Athenas,</span> <span class='ocrx_word' id='word_1_19' title='bbox 2453 606 2543 668; x_wconf 84' lang='lat' dir='ltr'>ad</span> <span class='ocrx_word' id='word_1_20' title='bbox 2592 613 2718 671; x_wconf 82' lang='lat' dir='ltr'>sat.</span> <span class='ocrx_word' id='word_1_21' title='bbox 2752 608 2907 672; x_wconf 90' lang='lat' dir='ltr'>XVI</span> <span class='ocrx_word' id='word_1_22' title='bbox 2954 614 3033 668; x_wconf 85' lang='lat'>23</span> 
     </span>
    </p>
   </div>
   <div class='ocr_carea' id='block_1_3' title="bbox 313 704 3037 3203">
    <p class='ocr_par' dir='ltr' id='par_1_3' title="bbox 333 704 3037 1001">
     <span class='ocr_line' id='line_1_4' title="bbox 334 704 3037 793; baseline 0.003 -28"><span class='ocrx_word' id='word_1_23' title='bbox 334 704 582 767; x_wconf 77' lang='lat' dir='ltr'>Mulino</span> <span class='ocrx_word' id='word_1_24' title='bbox 648 705 828 769; x_wconf 76' lang='lat' dir='ltr'>corde</span> <span class='ocrx_word' id='word_1_25' title='bbox 893 705 1146 793; x_wconf 68' lang='lat' dir='ltr'>I&#39;ayelli.</span> <span class='ocrx_word' id='word_1_26' title='bbox 1212 707 1291 769; x_wconf 87' lang='lat' dir='ltr'>In</span> <span class='ocrx_word' id='word_1_27' title='bbox 1353 706 1481 769; x_wconf 78' lang='lat' dir='ltr'>alio</span> <span class='ocrx_word' id='word_1_28' title='bbox 1545 706 1929 790; x_wconf 68' lang='lat' dir='ltr'>BIutinensi]</span> <span class='ocrx_word' id='word_1_29' title='bbox 1990 707 2223 771; x_wconf 82' lang='lat' dir='ltr'>Rhetor</span> <span class='ocrx_word' id='word_1_30' title='bbox 2284 707 2527 793; x_wconf 73' lang='lat' dir='ltr'>aliquis</span> <span class='ocrx_word' id='word_1_31' title='bbox 2588 708 2668 772; x_wconf 78' lang='lat' dir='ltr'>de</span> <span class='ocrx_word' id='word_1_32' title='bbox 2716 710 3037 793; x_wconf 79' lang='lat' dir='ltr'>Mutina),</span> 
     </span>
     <span class='ocr_line' id='line_1_5' title="bbox 333 810 3035 897; baseline 0.002 -22"><span class='ocrx_word' id='word_1_33' title='bbox 333 818 559 875; x_wconf 85' lang='lat' dir='ltr'>tamen</span> <span class='ocrx_word' id='word_1_34' title='bbox 607 832 814 877; x_wconf 83' lang='lat' dir='ltr'>voces</span> <span class='ocrx_word' id='word_1_35' title='bbox 861 821 1073 875; x_wconf 86' lang='lat' dir='ltr'>orator</span> <span class='ocrx_word' id='word_1_36' title='bbox 1119 822 1188 878; x_wconf 91' lang='lat' dir='ltr'>et</span> <span class='ocrx_word' id='word_1_37' title='bbox 1233 810 1444 875; x_wconf 78' lang='lat' dir='ltr'><strong><em>rhetor</em></strong></span> <span class='ocrx_word' id='word_1_38' title='bbox 1489 816 1887 896; x_wconf 87' lang='lat' dir='ltr'>promiscue</span> <span class='ocrx_word' id='word_1_39' title='bbox 1934 823 2229 897; x_wconf 83' lang='lat' dir='ltr'><strong>usurpat</strong></span> <span class='ocrx_word' id='word_1_40' title='bbox 2276 817 2489 897; x_wconf 88' lang='lat' dir='ltr'>idque</span> <span class='ocrx_word' id='word_1_41' title='bbox 2538 834 2621 880; x_wconf 90' lang='lat' dir='ltr'>eo</span> <span class='ocrx_word' id='word_1_42' title='bbox 2669 818 2902 893; x_wconf 81' lang='lat' dir='ltr'>mode,</span> <span class='ocrx_word' id='word_1_43' title='bbox 2958 824 3035 881; x_wconf 90' lang='lat' dir='ltr'>ut</span> 
     </span>
     <span class='ocr_line' id='line_1_6' title="bbox 333 919 2733 1001; baseline 0.003 -21"><span class='ocrx_word' id='word_1_44' title='bbox 333 920 612 999; x_wconf 88' lang='lat' dir='ltr'>saepius</span> <span class='ocrx_word' id='word_1_45' title='bbox 659 919 984 983; x_wconf 86' lang='lat' dir='ltr'>adhibeat</span> <span class='ocrx_word' id='word_1_46' title='bbox 1031 920 1450 983; x_wconf 88' lang='lat' dir='ltr'>vocabulum</span> <span class='ocrx_word' id='word_1_47' title='bbox 1497 928 1712 982; x_wconf 83' lang='lat' dir='ltr'>orator</span> <span class='ocrx_word' id='word_1_48' title='bbox 1757 940 1963 1001; x_wconf 90' lang='lat' dir='ltr'>quam</span> <span class='ocrx_word' id='word_1_49' title='bbox 2010 939 2178 986; x_wconf 86' lang='lat' dir='ltr'>voce</span> <span class='ocrx_word' id='word_1_50' title='bbox 2222 921 2433 983; x_wconf 75' lang='lat' dir='ltr'>rhetor</span> <span class='ocrx_word' id='word_1_51' title='bbox 2477 927 2733 987; x_wconf 88' lang='lat' dir='ltr'>utatur.</span> 
     </span>
    </p>

    <p class='ocr_par' dir='ltr' id='par_1_4' title="bbox 329 1024 3033 1419">
     <span class='ocr_line' id='line_1_7' title="bbox 537 1024 3031 1105; baseline 0.002 -19"><span class='ocrx_word' id='word_1_52' title='bbox 537 1024 688 1097; x_wconf 86' lang='lat' dir='ltr'>Qua</span> <span class='ocrx_word' id='word_1_53' title='bbox 737 1026 824 1087; x_wconf 88' lang='lat' dir='ltr'>de</span> <span class='ocrx_word' id='word_1_54' title='bbox 873 1044 1096 1088; x_wconf 89' lang='lat' dir='ltr'>causa.</span> <span class='ocrx_word' id='word_1_55' title='bbox 1147 1025 1516 1105; x_wconf 81' lang='lat' dir='ltr'>quominus</span> <span class='ocrx_word' id='word_1_56' title='bbox 1581 1044 1736 1089; x_wconf 88' lang='lat' dir='ltr'>eum</span> <span class='ocrx_word' id='word_1_57' title='bbox 1787 1028 1872 1089; x_wconf 93' lang='lat' dir='ltr'>de</span> <span class='ocrx_word' id='word_1_58' title='bbox 1935 1028 2006 1089; x_wconf 91' lang='lat' dir='ltr'>A.</span> <span class='ocrx_word' id='word_1_59' title='bbox 2060 1027 2388 1091; x_wconf 89' lang='lat' dir='ltr'>Cornelio</span> <span class='ocrx_word' id='word_1_60' title='bbox 2454 1025 2659 1090; x_wconf 87' lang='lat' dir='ltr'>Celso</span> <span class='ocrx_word' id='word_1_61' title='bbox 2724 1027 3031 1091; x_wconf 89' lang='lat' dir='ltr'>locutum</span> 
     </span>
     <span class='ocr_line' id='line_1_8' title="bbox 331 1130 3032 1211; baseline 0.003 -22"><span class='ocrx_word' id='word_1_62' title='bbox 331 1146 481 1191; x_wconf 88' lang='lat' dir='ltr'>esse</span> <span class='ocrx_word' id='word_1_63' title='bbox 514 1133 924 1207; x_wconf 76' lang='lat' dir='ltr'>statuamuS,</span> <span class='ocrx_word' id='word_1_64' title='bbox 970 1130 1148 1193; x_wconf 93' lang='lat' dir='ltr'>nihil</span> <span class='ocrx_word' id='word_1_65' title='bbox 1180 1130 1465 1194; x_wconf 88' lang='lat' dir='ltr'>obstare</span> <span class='ocrx_word' id='word_1_66' title='bbox 1500 1137 1819 1211; x_wconf 85' lang='lat' dir='ltr'>apparet;</span> <span class='ocrx_word' id='word_1_67' title='bbox 1866 1137 2073 1211; x_wconf 91' lang='lat' dir='ltr'>atque</span> <span class='ocrx_word' id='word_1_68' title='bbox 2107 1132 2281 1195; x_wconf 89' lang='lat' dir='ltr'>adeo</span> <span class='ocrx_word' id='word_1_69' title='bbox 2312 1150 2485 1195; x_wconf 86' lang='lat' dir='ltr'>voce</span> <span class='ocrx_word' id='word_1_70' title='bbox 2516 1131 2765 1193; x_wconf 77' lang='lat' dir='ltr'>oratori</span> <span class='ocrx_word' id='word_1_71' title='bbox 2804 1133 3032 1195; x_wconf 92' lang='lat' dir='ltr'>rheto-</span> 
     </span>
     <span class='ocr_line' id='line_1_9' title="bbox 329 1234 3033 1316; baseline 0.001 -22"><span class='ocrx_word' id='word_1_72' title='bbox 329 1248 477 1295; x_wconf 90' lang='lat' dir='ltr'>rem</span> <span class='ocrx_word' id='word_1_73' title='bbox 523 1234 672 1297; x_wconf 88' lang='lat' dir='ltr'>sive</span> <span class='ocrx_word' id='word_1_74' title='bbox 707 1235 1072 1315; x_wconf 82' lang='lat' dir='ltr'>quendam,</span> <span class='ocrx_word' id='word_1_75' title='bbox 1123 1238 1242 1315; x_wconf 89' lang='lat' dir='ltr'>qui</span> <span class='ocrx_word' id='word_1_76' title='bbox 1276 1237 1360 1299; x_wconf 88' lang='lat' dir='ltr'>de</span> <span class='ocrx_word' id='word_1_77' title='bbox 1393 1236 1742 1300; x_wconf 90' lang='lat' dir='ltr'>rhetorica</span> <span class='ocrx_word' id='word_1_78' title='bbox 1776 1237 2074 1316; x_wconf 89' lang='lat' dir='ltr'>scripsit,</span> <span class='ocrx_word' id='word_1_79' title='bbox 2122 1254 2561 1316; x_wconf 84' lang='lat' dir='ltr'><strong>nequaquam</strong></span> <span class='ocrx_word' id='word_1_80' title='bbox 2597 1244 2826 1301; x_wconf 90' lang='lat' dir='ltr'>autem</span> <span class='ocrx_word' id='word_1_81' title='bbox 2860 1237 3033 1299; x_wconf 90' lang='lat' dir='ltr'>iuris</span> 
     </span>
     <span class='ocr_line' id='line_1_10' title="bbox 332 1340 1588 1419; baseline 0.005 -20"><span class='ocrx_word' id='word_1_82' title='bbox 332 1340 632 1416; x_wconf 89' lang='lat' dir='ltr'>peritum</span> <span class='ocrx_word' id='word_1_83' title='bbox 681 1340 1076 1419; x_wconf 86' lang='lat' dir='ltr'>significari</span> <span class='ocrx_word' id='word_1_84' title='bbox 1127 1342 1298 1405; x_wconf 88' lang='lat' dir='ltr'>satis</span> <span class='ocrx_word' id='word_1_85' title='bbox 1345 1342 1588 1405; x_wconf 88' lang='lat' dir='ltr'>elucet.</span> 
     </span>
    </p>

    <p class='ocr_par' dir='ltr' id='par_1_5' title="bbox 313 1443 3031 3095">
     <span class='ocr_line' id='line_1_11' title="bbox 533 1443 3031 1527; baseline 0.002 -22"><span class='ocrx_word' id='word_1_86' title='bbox 533 1443 706 1506; x_wconf 88' lang='lat' dir='ltr'>Cum</span> <span class='ocrx_word' id='word_1_87' title='bbox 802 1445 1154 1508; x_wconf 87' lang='lat' dir='ltr'>Iuvenalis</span> <span class='ocrx_word' id='word_1_88' title='bbox 1237 1447 1455 1525; x_wconf 89' lang='lat' dir='ltr'>igitur</span> <span class='ocrx_word' id='word_1_89' title='bbox 1551 1454 1696 1509; x_wconf 89' lang='lat' dir='ltr'>tum</span> <span class='ocrx_word' id='word_1_90' title='bbox 1800 1446 1947 1509; x_wconf 90' lang='lat' dir='ltr'>eius</span> <span class='ocrx_word' id='word_1_91' title='bbox 2035 1446 2383 1527; x_wconf 84' lang='lat' dir='ltr'>interpres</span> <span class='ocrx_word' id='word_1_92' title='bbox 2485 1446 2563 1509; x_wconf 90' lang='lat' dir='ltr'>A.</span> <span class='ocrx_word' id='word_1_93' title='bbox 2632 1447 3031 1510; x_wconf 87' lang='lat' dir='ltr'>Cornelium</span> 
     </span>
     <span class='ocr_line' id='line_1_12' title="bbox 325 1547 3031 1631; baseline 0.001 -21"><span class='ocrx_word' id='word_1_94' title='bbox 325 1547 603 1611; x_wconf 86' lang='lat' dir='ltr'>Celsum</span> <span class='ocrx_word' id='word_1_95' title='bbox 651 1550 1011 1629; x_wconf 82' lang='lat' dir='ltr'>intellegit.</span> <span class='ocrx_word' id='word_1_96' title='bbox 1057 1550 1161 1612; x_wconf 87' lang='lat' dir='ltr'>Ab</span> <span class='ocrx_word' id='word_1_97' title='bbox 1212 1552 1456 1613; x_wconf 87' lang='lat' dir='ltr'>eodem</span> <span class='ocrx_word' id='word_1_98' title='bbox 1506 1552 1913 1631; x_wconf 81' lang='lat' dir='ltr'>rhetoricae,</span> <span class='ocrx_word' id='word_1_99' title='bbox 1962 1570 2171 1631; x_wconf 91' lang='lat' dir='ltr'>quam</span> <span class='ocrx_word' id='word_1_100' title='bbox 2207 1550 2450 1613; x_wconf 89' lang='lat' dir='ltr'>Celsus</span> <span class='ocrx_word' id='word_1_101' title='bbox 2502 1551 2913 1631; x_wconf 81' lang='lat' dir='ltr'>composuit,</span> <span class='ocrx_word' id='word_1_102' title='bbox 2965 1557 3031 1614; x_wconf 93' lang='lat' dir='ltr'>et</span> 
     </span>
     <span class='ocr_line' id='line_1_13' title="bbox 322 1650 3027 1736; baseline 0.001 -22"><span class='ocrx_word' id='word_1_103' title='bbox 322 1654 691 1733; x_wconf 84' lang='lat' dir='ltr'>inscriptio</span> <span class='ocrx_word' id='word_1_104' title='bbox 761 1661 828 1716; x_wconf 90' lang='lat' dir='ltr'>et</span> <span class='ocrx_word' id='word_1_105' title='bbox 891 1654 1236 1718; x_wconf 87' lang='lat' dir='ltr'>librorum</span> <span class='ocrx_word' id='word_1_106' title='bbox 1305 1674 1636 1719; x_wconf 89' lang='lat' dir='ltr'>numerus</span> <span class='ocrx_word' id='word_1_107' title='bbox 1701 1657 2081 1719; x_wconf 82' lang='lat' dir='ltr'>memoriae</span> <span class='ocrx_word' id='word_1_108' title='bbox 2125 1655 2408 1736; x_wconf 87' lang='lat' dir='ltr'>prodita</span> <span class='ocrx_word' id='word_1_109' title='bbox 2478 1661 2675 1717; x_wconf 88' lang='lat' dir='ltr'>sunt:</span> <span class='ocrx_word' id='word_1_110' title='bbox 2742 1654 2817 1719; x_wconf 88' lang='lat' dir='ltr'>A.</span> <span class='ocrx_word' id='word_1_111' title='bbox 2868 1650 3027 1718; x_wconf 87' lang='lat' dir='ltr'>Gor-</span> 
     </span>
     <span class='ocr_line' id='line_1_14' title="bbox 325 1756 3031 1843; baseline 0 -23"><span class='ocrx_word' id='word_1_112' title='bbox 325 1759 550 1821; x_wconf 89' lang='lat' dir='ltr'>nelius</span> <span class='ocrx_word' id='word_1_113' title='bbox 590 1759 832 1823; x_wconf 88' lang='lat' dir='ltr'>Celsus</span> <span class='ocrx_word' id='word_1_114' title='bbox 875 1766 1112 1843; x_wconf 67' lang='lat' dir='ltr'>septem</span> <span class='ocrx_word' id='word_1_115' title='bbox 1151 1761 1376 1823; x_wconf 88' lang='lat' dir='ltr'>libros</span> <span class='ocrx_word' id='word_1_116' title='bbox 1426 1761 1509 1823; x_wconf 93' lang='lat' dir='ltr'>de</span> <span class='ocrx_word' id='word_1_117' title='bbox 1551 1761 1906 1824; x_wconf 84' lang='lat' dir='ltr'>rhetorica</span> <span class='ocrx_word' id='word_1_118' title='bbox 1958 1761 2239 1840; x_wconf 88' lang='lat' dir='ltr'>scripsit</span> <span class='ocrx_word' id='word_1_119' title='bbox 2279 1760 2504 1839; x_wconf 89' lang='lat' dir='ltr'>iisque</span> <span class='ocrx_word' id='word_1_120' title='bbox 2552 1756 3031 1821; x_wconf 70' lang='lat' dir='ltr'>Institutionum</span> 
     </span>
     <span class='ocr_line' id='line_1_15' title="bbox 325 1860 3029 1943; baseline 0.003 -22"><span class='ocrx_word' id='word_1_121' title='bbox 325 1864 436 1923; x_wconf 78' lang='lat' dir='ltr'>vel</span> <span class='ocrx_word' id='word_1_122' title='bbox 483 1860 960 1925; x_wconf 69' lang='lat' dir='ltr'>Institutionum</span> <span class='ocrx_word' id='word_1_123' title='bbox 1012 1863 1440 1927; x_wconf 79' lang='lat' dir='ltr'>oratoriarum</span> <span class='ocrx_word' id='word_1_124' title='bbox 1486 1884 1739 1928; x_wconf 88' lang='lat' dir='ltr'>nomen</span> <span class='ocrx_word' id='word_1_125' title='bbox 1790 1866 1997 1929; x_wconf 88' lang='lat' dir='ltr'>dedit.</span> <span class='ocrx_word' id='word_1_126' title='bbox 2046 1864 2237 1927; x_wconf 90' lang='lat' dir='ltr'>Sicut</span> <span class='ocrx_word' id='word_1_127' title='bbox 2282 1865 2500 1943; x_wconf 86' lang='lat' dir='ltr'>igitur</span> <span class='ocrx_word' id='word_1_128' title='bbox 2552 1867 2623 1927; x_wconf 92' lang='lat' dir='ltr'>in</span> <span class='ocrx_word' id='word_1_129' title='bbox 2670 1865 3029 1929; x_wconf 87' lang='lat' dir='ltr'>codicibus</span> 
     </span>
     <span class='ocr_line' id='line_1_16' title="bbox 325 1970 3027 2051; baseline 0.003 -24"><span class='ocrx_word' id='word_1_130' title='bbox 325 1983 536 2029; x_wconf 90' lang='lat' dir='ltr'>manu</span> <span class='ocrx_word' id='word_1_131' title='bbox 570 1970 868 2047; x_wconf 88' lang='lat' dir='ltr'>scriptis,</span> <span class='ocrx_word' id='word_1_132' title='bbox 905 1972 1158 2049; x_wconf 91' lang='lat' dir='ltr'>quibus</span> <span class='ocrx_word' id='word_1_133' title='bbox 1192 1970 1574 2033; x_wconf 85' lang='lat' dir='ltr'>medicinae</span> <span class='ocrx_word' id='word_1_134' title='bbox 1606 1970 1765 2033; x_wconf 90' lang='lat' dir='ltr'>libri</span> <span class='ocrx_word' id='word_1_135' title='bbox 1803 1970 1966 2033; x_wconf 87' lang='lat' dir='ltr'>VIII</span> <span class='ocrx_word' id='word_1_136' title='bbox 1998 1971 2255 2032; x_wconf 86' lang='lat' dir='ltr'>servati</span> <span class='ocrx_word' id='word_1_137' title='bbox 2284 1976 2461 2047; x_wconf 88' lang='lat' dir='ltr'>sunt,</span> <span class='ocrx_word' id='word_1_138' title='bbox 2506 1973 2866 2051; x_wconf 84' lang='lat' dir='ltr'>inscriptio</span> <span class='ocrx_word' id='word_1_139' title='bbox 2896 1976 3027 2034; x_wconf 89' lang='lat' dir='ltr'>tra·</span> 
     </span>
     <span class='ocr_line' id='line_1_17' title="bbox 324 2070 3025 2155; baseline 0.003 -24"><span class='ocrx_word' id='word_1_140' title='bbox 324 2071 543 2134; x_wconf 90' lang='lat' dir='ltr'>ditur:</span> <span class='ocrx_word' id='word_1_141' title='bbox 597 2071 672 2137; x_wconf 90' lang='lat' dir='ltr'>A.</span> <span class='ocrx_word' id='word_1_142' title='bbox 725 2070 1008 2135; x_wconf 80' lang='lat' dir='ltr'>Cornelii</span> <span class='ocrx_word' id='word_1_143' title='bbox 1057 2072 1226 2135; x_wconf 74' lang='lat' dir='ltr'>Celsi</span> <span class='ocrx_word' id='word_1_144' title='bbox 1259 2074 1495 2135; x_wconf 79' lang='lat' dir='ltr'>artium</span> <span class='ocrx_word' id='word_1_145' title='bbox 1542 2070 1694 2135; x_wconf 77' lang='lat' dir='ltr'>liber</span> <span class='ocrx_word' id='word_1_146' title='bbox 1755 2070 1893 2152; x_wconf 64' lang='lat' dir='ltr'>VI„</span> <span class='ocrx_word' id='word_1_147' title='bbox 1954 2072 2121 2155; x_wconf 82' lang='lat' dir='ltr'>VIL,</span> <span class='ocrx_word' id='word_1_148' title='bbox 2154 2123 2170 2137; x_wconf 91' lang='lat'>.</span> <span class='ocrx_word' id='word_1_149' title='bbox 2203 2118 2217 2133; x_wconf 91' lang='lat'>.</span> <span class='ocrx_word' id='word_1_150' title='bbox 2252 2119 2295 2151; x_wconf 89' lang='lat'>.,</span> <span class='ocrx_word' id='word_1_151' title='bbox 2323 2070 2491 2135; x_wconf 76' lang='lat' dir='ltr'>idem</span> <span class='ocrx_word' id='word_1_152' title='bbox 2537 2070 2905 2136; x_wconf 81' lang='lat' dir='ltr'>Medicinae</span> <span class='ocrx_word' id='word_1_153' title='bbox 2953 2072 3025 2147; x_wconf 90' lang='lat' dir='ltr'>I.,</span> 
     </span>
     <span class='ocr_line' id='line_1_18' title="bbox 323 2172 3023 2251; baseline 0.003 -18"><span class='ocrx_word' id='word_1_154' title='bbox 323 2172 432 2251; x_wconf 92' lang='lat' dir='ltr'>II.,</span> <span class='ocrx_word' id='word_1_155' title='bbox 463 2224 476 2237; x_wconf 95' lang='lat'>.</span> <span class='ocrx_word' id='word_1_156' title='bbox 510 2224 526 2237; x_wconf 92' lang='lat'>.</span> <span class='ocrx_word' id='word_1_157' title='bbox 563 2220 600 2247; x_wconf 92' lang='lat'>.,</span> <span class='ocrx_word' id='word_1_158' title='bbox 665 2179 911 2241; x_wconf 89' lang='lat' dir='ltr'>eodem</span> <span class='ocrx_word' id='word_1_159' title='bbox 985 2181 1193 2243; x_wconf 91' lang='lat' dir='ltr'>modo</span> <span class='ocrx_word' id='word_1_160' title='bbox 1258 2180 1650 2244; x_wconf 84' lang='lat' dir='ltr'>rhetoricae</span> <span class='ocrx_word' id='word_1_161' title='bbox 1715 2180 2018 2243; x_wconf 91' lang='lat' dir='ltr'>indicem</span> <span class='ocrx_word' id='word_1_162' title='bbox 2085 2179 2302 2241; x_wconf 85' lang='lat' dir='ltr'>fuisse</span> <span class='ocrx_word' id='word_1_163' title='bbox 2369 2180 2517 2241; x_wconf 87' lang='lat' dir='ltr'>veri</span> <span class='ocrx_word' id='word_1_164' title='bbox 2600 2180 2824 2242; x_wconf 90' lang='lat' dir='ltr'>simile</span> <span class='ocrx_word' id='word_1_165' title='bbox 2886 2185 3023 2241; x_wconf 90' lang='lat' dir='ltr'>est:</span> 
     </span>
     <span class='ocr_line' id='line_1_19' title="bbox 321 2272 3024 2367; baseline 0.003 -30"><span class='ocrx_word' id='word_1_166' title='bbox 321 2276 403 2343; x_wconf 82' lang='lat' dir='ltr'>A.</span> <span class='ocrx_word' id='word_1_167' title='bbox 472 2276 760 2342; x_wconf 59' lang='lat' dir='ltr'>Cornelii</span> <span class='ocrx_word' id='word_1_168' title='bbox 827 2279 1000 2343; x_wconf 56' lang='lat' dir='ltr'>(elsi</span> <span class='ocrx_word' id='word_1_169' title='bbox 1059 2284 1297 2345; x_wconf 78' lang='lat' dir='ltr'>artium</span> <span class='ocrx_word' id='word_1_170' title='bbox 1381 2272 1534 2345; x_wconf 52' lang='lat' dir='ltr'>liber</span> <span class='ocrx_word' id='word_1_171' title='bbox 1603 2305 1684 2360; x_wconf 53' lang='grc' dir='ltr'>αι,</span> <span class='ocrx_word' id='word_1_172' title='bbox 1745 2305 1826 2367; x_wconf 66' lang='lat' dir='ltr'>y„</span> <span class='ocrx_word' id='word_1_173' title='bbox 1890 2334 1904 2347; x_wconf 92' lang='lat'>.</span> <span class='ocrx_word' id='word_1_174' title='bbox 1941 2332 1953 2345; x_wconf 90' lang='lat'>.</span> <span class='ocrx_word' id='word_1_175' title='bbox 1992 2329 2027 2361; x_wconf 76' lang='lat'>.,</span> <span class='ocrx_word' id='word_1_176' title='bbox 2104 2278 2273 2343; x_wconf 81' lang='lat' dir='ltr'>idem</span> <span class='ocrx_word' id='word_1_177' title='bbox 2320 2278 2799 2343; x_wconf 72' lang='lat' dir='ltr'>Institutionum</span> <span class='ocrx_word' id='word_1_178' title='bbox 2840 2286 3024 2357; x_wconf 71' lang='lat' dir='ltr'>&lt;om-</span> 
     </span>
     <span class='ocr_line' id='line_1_20' title="bbox 320 2383 3027 2467; baseline 0.003 -26"><span class='ocrx_word' id='word_1_179' title='bbox 320 2384 680 2463; x_wconf 55' lang='lat' dir='ltr'>mim-um&gt;</span> <span class='ocrx_word' id='word_1_180' title='bbox 709 2384 778 2465; x_wconf 90' lang='lat' dir='ltr'>I.,</span> <span class='ocrx_word' id='word_1_181' title='bbox 811 2383 932 2466; x_wconf 65' lang='lat' dir='ltr'>Il„</span> <span class='ocrx_word' id='word_1_182' title='bbox 965 2438 978 2453; x_wconf 93' lang='lat'>.</span> <span class='ocrx_word' id='word_1_183' title='bbox 1009 2438 1022 2451; x_wconf 93' lang='lat'>.</span> <span class='ocrx_word' id='word_1_184' title='bbox 1060 2440 1070 2450; x_wconf 98' lang='lat'>.</span> <span class='ocrx_word' id='word_1_185' title='bbox 1105 2388 1332 2461; x_wconf 89' lang='lat' dir='ltr'>Quare</span> <span class='ocrx_word' id='word_1_186' title='bbox 1365 2388 1851 2465; x_wconf 81' lang='lat' dir='ltr'>QuintilianuS,</span> <span class='ocrx_word' id='word_1_187' title='bbox 1887 2408 2037 2451; x_wconf 91' lang='lat' dir='ltr'>cum</span> <span class='ocrx_word' id='word_1_188' title='bbox 2073 2387 2296 2467; x_wconf 84' lang='lat' dir='ltr'>libris,</span> <span class='ocrx_word' id='word_1_189' title='bbox 2341 2405 2517 2466; x_wconf 90' lang='lat' dir='ltr'>quos</span> <span class='ocrx_word' id='word_1_190' title='bbox 2566 2388 2649 2449; x_wconf 90' lang='lat' dir='ltr'>de</span> <span class='ocrx_word' id='word_1_191' title='bbox 2681 2387 3027 2451; x_wconf 89' lang='lat' dir='ltr'>rhetorica</span> 
     </span>
     <span class='ocr_line' id='line_1_21' title="bbox 321 2490 3024 2572; baseline 0.001 -21"><span class='ocrx_word' id='word_1_192' title='bbox 321 2493 622 2571; x_wconf 87' lang='lat' dir='ltr'>scripsit,</span> <span class='ocrx_word' id='word_1_193' title='bbox 662 2490 1086 2555; x_wconf 75' lang='lat' dir='ltr'>Institutionie</span> <span class='ocrx_word' id='word_1_194' title='bbox 1131 2494 1446 2555; x_wconf 77' lang='lat' dir='ltr'>oratoriae</span> <span class='ocrx_word' id='word_1_195' title='bbox 1491 2512 1746 2557; x_wconf 89' lang='lat' dir='ltr'>nomen</span> <span class='ocrx_word' id='word_1_196' title='bbox 1795 2494 2005 2572; x_wconf 80' lang='lat' dir='ltr'>dedit,</span> <span class='ocrx_word' id='word_1_197' title='bbox 2052 2493 2127 2555; x_wconf 85' lang='lat' dir='ltr'>A.</span> <span class='ocrx_word' id='word_1_198' title='bbox 2160 2492 2560 2555; x_wconf 89' lang='lat' dir='ltr'>Cornelium</span> <span class='ocrx_word' id='word_1_199' title='bbox 2610 2491 2887 2554; x_wconf 87' lang='lat' dir='ltr'>Celsum</span> <span class='ocrx_word' id='word_1_200' title='bbox 2953 2495 3024 2555; x_wconf 90' lang='lat' dir='ltr'>in</span> 
     </span>
     <span class='ocr_line' id='line_1_22' title="bbox 321 2595 3021 2675; baseline 0.001 -20"><span class='ocrx_word' id='word_1_201' title='bbox 321 2596 448 2657; x_wconf 90' lang='lat' dir='ltr'>hac</span> <span class='ocrx_word' id='word_1_202' title='bbox 503 2614 579 2659; x_wconf 92' lang='lat' dir='ltr'>re</span> <span class='ocrx_word' id='word_1_203' title='bbox 646 2604 925 2660; x_wconf 89' lang='lat' dir='ltr'>secutus</span> <span class='ocrx_word' id='word_1_204' title='bbox 990 2600 1269 2661; x_wconf 89' lang='lat' dir='ltr'>videtur</span> <span class='ocrx_word' id='word_1_205' title='bbox 1334 2618 1502 2663; x_wconf 86' lang='lat' dir='ltr'>esse.</span> <span class='ocrx_word' id='word_1_206' title='bbox 1569 2598 1638 2661; x_wconf 84' lang='lat' dir='ltr'>Si</span> <span class='ocrx_word' id='word_1_207' title='bbox 1687 2617 1858 2661; x_wconf 79' lang='lat' dir='ltr'>vero</span> <span class='ocrx_word' id='word_1_208' title='bbox 1908 2597 2151 2660; x_wconf 88' lang='lat' dir='ltr'>Celsus</span> <span class='ocrx_word' id='word_1_209' title='bbox 2218 2602 2483 2675; x_wconf 89' lang='lat' dir='ltr'>septem</span> <span class='ocrx_word' id='word_1_210' title='bbox 2531 2595 2753 2658; x_wconf 84' lang='lat' dir='ltr'>libros</span> <span class='ocrx_word' id='word_1_211' title='bbox 2821 2598 3021 2659; x_wconf 88' lang='lat' dir='ltr'>Insti-</span> 
     </span>
     <span class='ocr_line' id='line_1_23' title="bbox 319 2698 3027 2783; baseline -0.001 -21"><span class='ocrx_word' id='word_1_212' title='bbox 319 2704 670 2765; x_wconf 89' lang='lat' dir='ltr'>tutionum</span> <span class='ocrx_word' id='word_1_213' title='bbox 726 2707 1133 2783; x_wconf 81' lang='lat' dir='ltr'>composuit,</span> <span class='ocrx_word' id='word_1_214' title='bbox 1181 2724 1322 2767; x_wconf 90' lang='lat' dir='ltr'>non</span> <span class='ocrx_word' id='word_1_215' title='bbox 1389 2712 1494 2765; x_wconf 85' lang='lat' dir='ltr'>est</span> <span class='ocrx_word' id='word_1_216' title='bbox 1540 2707 1813 2779; x_wconf 89' lang='lat' dir='ltr'>mirum,</span> <span class='ocrx_word' id='word_1_217' title='bbox 1864 2703 2052 2783; x_wconf 89' lang='lat' dir='ltr'>quod</span> <span class='ocrx_word' id='word_1_218' title='bbox 2099 2701 2351 2765; x_wconf 88' lang='lat' dir='ltr'>Fabius</span> <span class='ocrx_word' id='word_1_219' title='bbox 2400 2702 2596 2763; x_wconf 89' lang='lat' dir='ltr'>dicit:</span> <span class='ocrx_word' id='word_1_220' title='bbox 2662 2698 3027 2759; x_wconf 75' lang='lat' dir='ltr'>accuratius</span> 
     </span>
     <span class='ocr_line' id='line_1_24' title="bbox 317 2804 3019 2889; baseline -0 -23"><span class='ocrx_word' id='word_1_221' title='bbox 317 2826 461 2866; x_wconf 76' lang='lat' dir='ltr'>vero</span> <span class='ocrx_word' id='word_1_222' title='bbox 497 2853 508 2864; x_wconf 93' lang='lat'>.</span> <span class='ocrx_word' id='word_1_223' title='bbox 543 2856 604 2869; x_wconf 87' lang='lat'>..</span> <span class='ocrx_word' id='word_1_224' title='bbox 645 2804 869 2867; x_wconf 60' lang='lat' dir='ltr'>(sels-us</span> <span class='ocrx_word' id='word_1_225' title='bbox 923 2806 1263 2889; x_wconf 73' lang='lat' dir='ltr'>(scripait),</span> <span class='ocrx_word' id='word_1_226' title='bbox 1329 2810 1507 2888; x_wconf 91' lang='lat' dir='ltr'>quia,</span> <span class='ocrx_word' id='word_1_227' title='bbox 1562 2810 1620 2871; x_wconf 88' lang='lat' dir='ltr'>si</span> <span class='ocrx_word' id='word_1_228' title='bbox 1649 2808 1813 2870; x_wconf 89' lang='lat' dir='ltr'>libri</span> <span class='ocrx_word' id='word_1_229' title='bbox 1862 2809 2247 2870; x_wconf 85' lang='lat' dir='ltr'>rhetoricae</span> <span class='ocrx_word' id='word_1_230' title='bbox 2281 2812 2423 2868; x_wconf 88' lang='lat' dir='ltr'>tam</span> <span class='ocrx_word' id='word_1_231' title='bbox 2473 2805 2685 2885; x_wconf 90' lang='lat' dir='ltr'>ampli</span> <span class='ocrx_word' id='word_1_232' title='bbox 2732 2804 3019 2866; x_wconf 84' lang='lat' dir='ltr'>fuerunt</span> 
     </span>
     <span class='ocr_line' id='line_1_25' title="bbox 316 2908 3022 2991; baseline -0 -20"><span class='ocrx_word' id='word_1_233' title='bbox 316 2928 530 2989; x_wconf 86' lang='lat' dir='ltr'>quam</span> <span class='ocrx_word' id='word_1_234' title='bbox 588 2912 990 2987; x_wconf 86' lang='lat' dir='ltr'>medicinae,</span> <span class='ocrx_word' id='word_1_235' title='bbox 1053 2913 1535 2991; x_wconf 79' lang='lat' dir='ltr'>magnitudine</span> <span class='ocrx_word' id='word_1_236' title='bbox 1599 2914 2089 2976; x_wconf 89' lang='lat' dir='ltr'>Institutiones</span> <span class='ocrx_word' id='word_1_237' title='bbox 2152 2910 2501 2973; x_wconf 85' lang='lat' dir='ltr'>oratoriae</span> <span class='ocrx_word' id='word_1_238' title='bbox 2568 2914 2634 2971; x_wconf 90' lang='lat' dir='ltr'>et</span> <span class='ocrx_word' id='word_1_239' title='bbox 2681 2908 3022 2971; x_wconf 87' lang='lat' dir='ltr'>Medicina</span> 
     </span>
     <span class='ocr_line' id='line_1_26' title="bbox 313 3017 2134 3095; baseline 0.001 -19"><span class='ocrx_word' id='word_1_240' title='bbox 313 3020 504 3077; x_wconf 86' lang='lat' dir='ltr'>inter</span> <span class='ocrx_word' id='word_1_241' title='bbox 551 3034 626 3077; x_wconf 89' lang='lat' dir='ltr'>se</span> <span class='ocrx_word' id='word_1_242' title='bbox 674 3036 814 3079; x_wconf 92' lang='lat' dir='ltr'>non</span> <span class='ocrx_word' id='word_1_243' title='bbox 863 3018 1155 3079; x_wconf 91' lang='lat' dir='ltr'>multum</span> <span class='ocrx_word' id='word_1_244' title='bbox 1205 3017 1632 3080; x_wconf 85' lang='lat' dir='ltr'>differebant</span> <span class='ocrx_word' id='word_1_245' title='bbox 1681 3020 1837 3095; x_wconf 90' lang='lat' dir='ltr'>(VII</span> <span class='ocrx_word' id='word_1_246' title='bbox 1873 3040 1885 3077; x_wconf 93' lang='lat'>:</span> <span class='ocrx_word' id='word_1_247' title='bbox 1925 3017 2134 3093; x_wconf 86' lang='lat' dir='ltr'>VIII).</span> 
     </span>
    </p>

    <p class='ocr_par' dir='ltr' id='par_1_6' title="bbox 530 3120 2893 3203">
     <span class='ocr_line' id='line_1_27' title="bbox 530 3120 2893 3203; baseline -0.002 -19"><span class='ocrx_word' id='word_1_248' title='bbox 530 3121 797 3193; x_wconf 88' lang='lat' dir='ltr'>Quibus</span> <span class='ocrx_word' id='word_1_249' title='bbox 844 3125 1229 3203; x_wconf 88' lang='lat' dir='ltr'>propositis</span> <span class='ocrx_word' id='word_1_250' title='bbox 1277 3126 1410 3185; x_wconf 89' lang='lat' dir='ltr'>iam</span> <span class='ocrx_word' id='word_1_251' title='bbox 1459 3124 1985 3187; x_wconf 85' lang='lat' dir='ltr'>Institutionum</span> <span class='ocrx_word' id='word_1_252' title='bbox 2032 3121 2425 3201; x_wconf 84' lang='lat' dir='ltr'>fragmenta</span> <span class='ocrx_word' id='word_1_253' title='bbox 2474 3120 2893 3199; x_wconf 71' lang='lat' dir='ltr'>colligamus</span> 
     </span>
    </p>
   </div>
  </div>
 </body>
</html>
