3567 5109
1459 359 1885 419 -19-

323 562 876 608 commemorare
923 546 1145 609 debeo
1194 547 1564 610 Paulinum
1613 550 1927 628 perfecti,
1993 551 2180 629 quod
2227 557 2331 613 est
2375 551 2447 627 ii,
2514 553 2801 630 eiusque
2848 570 3028 615 com-

318 652 710 730 positorum
758 650 1102 730 duplicem
1148 652 1178 711 i
1221 654 1660 717 contraxisse
1705 660 2040 735 sequente
2084 675 2146 715 88
2194 662 2312 718 aut
2342 662 2418 731 εἰ,
2468 671 2733 718 ceteras
2764 655 3032 720 formas

319 757 561 833 plenas
607 757 926 834 posuisse
974 765 1292 839 correpta
1337 757 1366 817 i
1409 759 1648 837 priore
1683 760 2063 824 secundum
2096 762 2413 841 regulam
2445 762 2667 824 illam:
2715 762 3029 825 vocalem

319 864 476 921 ante
509 862 822 922 vocalem
856 878 1008 924 esse
1038 863 1336 924 brevem.
1385 864 1709 927 Invenies
1743 864 1927 927 enim
1959 853 2169 925 adisse
2202 866 2402 943 (XVI,
2440 871 2593 941 1973
2631 868 2803 943 XIX,
2840 870 3024 945 411);

311 952 554 1043 perisse
621 965 891 1042 (XXIII,
970 968 1149 1045 334);
1212 956 1447 1027 adisset
1504 967 2212 1047 (XX1,418);adistt
2256 969 2714 1049 (XX1,53·2);
2780 978 3027 1033 contra

319 1064 466 1126 adii
507 1069 710 1149 (XXI,
759 1072 940 1149 399);
1004 1046 1164 1130 abiit
1210 1072 1412 1149 (XVI,
1480 1076 1639 1147 215;
1708 1074 1946 1149 XXXI,
2018 1073 2197 1152 176);
2267 1070 2511 1134 interiit
2575 1074 2803 1153 (XXV,
2876 1082 3027 1155 1343

321 1173 556 1246 XXVI,
611 1173 780 1252 131).
827 1174 1162 1238 Contrahi
1211 1194 1381 1238 vero
1429 1195 1569 1239 non
1617 1196 1827 1257 posse
1874 1179 1945 1239 in
1992 1186 2214 1241 metro
2262 1178 2547 1241 heroico
2597 1179 3027 1242 infinitivum

319 1253 649 1356 interiisse,
699 1298 908 1358 quem
955 1281 1254 1360 legimus
1303 1282 1412 1356 VI,
1466 1289 1565 1355 48,
1613 1282 1685 1343 in
1735 1288 2068 1362 promptu
2116 1290 2236 1346 est.

528 1382 796 1455 Quibus
845 1386 982 1447 iam
1038 1389 1340 1466 primum
1390 1388 1890 1450 contractionis
1968 1406 2189 1466 genus
2237 1407 2345 1450 me
2394 1388 2775 1451 absolvisse
2840 1397 3027 1469 put0.

529 1487 891 1569 DeincepS,
925 1508 1080 1552 cum
1116 1492 1199 1553 de
1233 1492 1470 1571 priore
1517 1492 1854 1571 synizesis
1902 1510 2161 1570 genere
2206 1510 2415 1573 supra
2462 1493 2799 1555 nonnulla
2849 1512 3027 1556 com-

321 1594 878 1671 memoraverim,
946 1595 1076 1657 hoc
1139 1595 1295 1658 loco
1363 1597 1589 1657 solum
1638 1615 1891 1659 nomen
1928 1596 2177 1679 pituita
2242 1597 2702 1660 adferendum
2750 1604 2876 1677 est,
2940 1598 3025 1661 de

321 1714 462 1774 quo
515 1698 662 1775 agit
695 1699 988 1761 Mueller
1023 1700 1114 1781 (p.
1167 1701 1336 1778 302).
1386 1701 1587 1772 Quod
1638 1703 1931 1764 verbum
1982 1702 2378 1765 invenimus
2425 1702 2670 1775 XXIII,
2722 1708 2843 1764 276
2894 1703 3025 1765 hoc

320 1802 532 1864 modo
579 1804 998 1867 adhibitum:
1077 1800 1216 1873 Qua
1263 1803 1508 1888 pituita
1567 1806 1808 1889 9⁹·avi3,
1863 1803 2044 1889 pilus
2104 1804 2523 1886 intolerabilis
2594 1814 2652 1867 et
2726 1826 2873 1889 qua,
2950 1815 3025 1870 ut

323 1906 633 1970 dubitari
678 1912 925 1990 possit,
974 1916 1210 1973 utrum
1257 1914 1493 1991 priore
1540 1911 1569 1970 i
1613 1918 1941 1992 correpta
1990 1920 2263 1975 constet
2296 1932 2332 1976 e
2366 1919 2700 1992 quattuor
2732 1912 3023 1991 syllabis

320 2029 407 2073 an
439 2032 485 2071 u
515 2015 584 2075 in
635 2022 1136 2079 consonantem
1170 2022 1430 2079 mutata
1480 2017 1570 2079 sit
1617 2018 2077 2099 trisyllabum.
2158 2019 2360 2090 Quod
2418 2019 2754 2099 synizesis
2801 2035 3023 2096 genus

319 2133 480 2179 cum
527 2118 597 2179 in
645 2118 756 2181 his
801 2120 1226 2182 carminibus
1289 2138 1428 2182 non
1495 2121 1896 2183 inveniatur
1964 2121 2099 2183 nisi
2142 2123 2212 2182 in
2259 2121 2287 2179 i
2349 2122 2597 2191 littera,
2662 2122 3023 2183 Paulinum

319 2224 554 2300 potius
626 2230 985 2305 correptae
1049 2222 1077 2285 i
1139 2225 1406 2287 vocalis
1469 2226 1839 2303 licentiam,
1918 2244 2121 2305 quam
2184 2247 2229 2285 u
2275 2232 2584 2288 mutatae
2648 2228 2717 2287 in
2782 2244 3021 2287 conso-

319 2333 602 2391 nantem
677 2330 812 2392 sibi
889 2330 1294 2410 permisisse
1371 2333 1703 2410 suspicor,
1796 2331 2211 2411 pracsertim
2306 2349 2461 2392 cum
2536 2330 2769 2392 Aelius
2845 2330 3020 2391 Stilo

324 2422 569 2494 testari
653 2435 975 2497 videatur
1040 2434 1067 2493 i
1129 2441 1524 2515 correptam
1589 2436 1913 2515 opinatus
1980 2435 2322 2517 ‘pituitam’
2386 2432 2538 2511 dici,
2613 2434 2769 2515 quia
2834 2436 3023 2516 ‘petat

315 2533 540 2597 vitam’
605 2539 963 2618 (Quint.'I,
1017 2546 1071 2616 6,
1123 2540 1249 2619 36).
1328 2540 1416 2602 At
1464 2542 1795 2619 quaestiO,
1846 2541 1931 2603 de
1980 2560 2113 2620 qua
2159 2541 2361 2602 aliter
2408 2539 2668 2602 iudicat
2714 2539 3017 2619 Lindsay

318 2641 361 2704 1.
407 2642 450 2703 l.
498 2661 562 2721 p.
614 2652 712 2715 61,
763 2662 972 2723 aegre
1021 2644 1326 2707 discerni
1375 2646 1654 2724 poterit.
1701 2648 1872 2709 Tum
1920 2645 2141 2707 verba
2189 2644 2397 2705 tenuis
2444 2650 2511 2706 et
2554 2640 2833 2725 reliquus
2878 2663 3017 2705 non

316 2747 555 2809 inveni
603 2751 737 2812 nisi
783 2749 1168 2830 trisyllaba.
1232 2750 1392 2812 Dixi
1441 2748 1526 2811 de
1589 2750 1825 2812 verbis
1874 2750 2177 2826 Latinis;
2245 2751 2446 2829 plura
2511 2749 3020 2811 consideranda

323 2858 488 2913 sunt
535 2858 816 2917 nomina
865 2855 1129 2917 Graeca
1177 2861 1245 2917 et
1295 2856 1652 2917 Hebraica.
2431 2838 2439 2845 ’

527 2955 700 3021 Cum
779 2960 967 3039 apud
1031 2960 1396 3022 Paulinum
1473 2978 1749 3040 semper
1822 2956 2065 3019 iambus
2129 2978 2268 3021 vox
2339 2979 2376 3021 a
2440 2959 2670 3022 vocali
2735 2958 3019 3037 incipiat

317 3062 423 3139 (X,
475 3067 586 3141 153
635 3065 812 3139 XXI,
867 3064 1034 3142 103),
1082 3064 1326 3125 eodem
1373 3066 1585 3127 modo
1632 3066 1702 3125 in
1750 3065 1896 3126 fine
1939 3082 2185 3126 versus
2232 3065 2404 3143 XIX,
2454 3068 2573 3125 623
2610 3063 3019 3141 synhaeresi

317 3168 632 3231 adhibita
681 3168 1054 3247 legendum
1103 3186 1254 3231 esse
1301 3186 1548 3230 censeo
1598 3164 1867 3228 Hellade
1900 3173 2037 3227 ‘iota
2082 3174 2187 3229 est.

526 3274 791 3337 Deinde
839 3273 1142 3353 primam
1197 3274 1501 3336 nominis
1567 3274 1840 3352 proprii
1904 3268 2084 3332 Iesus
2148 3273 2455 3335 litteram
2503 3290 2656 3333 esse
2702 3271 3011 3334 vocalem

315 3383 586 3439 constat
649 3377 761 3455 (cf.
809 3378 1019 3453 XXII,
1087 3385 1196 3452 615
1278 3378 1515 3451 XXVI,
1567 3384 1708 3451 119,
1777 3381 1933 3453 2473
2013 3377 2285 3453 XXVII,
2354 3382 2509 3456 419;
2586 3375 2785 3453 XXV,
2858 3383 3010 3452 15’1;

315 3482 553 3558 XXXI,
607 3485 747 3559 425,
797 3488 954 3557 553;
1013 3501 1076 3561 p.
1125 3486 1268 3558 289,
1319 3482 1466 3559 21);
1517 3500 1651 3560 qua
1698 3482 1782 3543 de
1832 3499 2039 3544 causa
2085 3500 2225 3543 non
2290 3480 2785 3560 dubitabimuS‚
2850 3482 3015 3559 quin

313 3587 496 3649 idem
547 3604 798 3649 nomen
846 3586 1116 3663 XXVII,
1188 3592 1306 3645 519
1357 3584 1637 3667 (nomine
1683 3581 1928 3667 Iesum)
1985 3592 2051 3647 et
2097 3585 2333 3662 XXIV,
2399 3590 2518 3645 471
2572 3581 2795 3665 (super
2838 3602 3013 3644 omne

313 3686 558 3773 Iesum)
611 3692 824 3754 trium
872 3690 962 3752 sit
1009 3691 1455 3772 syllabarum,
1504 3708 1725 3768 eoque
1773 3690 2023 3767 minUS,
2083 3690 2271 3769 quod
2334 3689 2509 3751 nihil
2574 3689 2804 3750 obstat
2850 3706 3013 3769 syn-

313 3797 590 3859 haeresi
635 3802 702 3858 et
751 3795 1076 3858 omnibus
1122 3796 1296 3858 locis
1345 3800 1570 3858 exstat
1617 3778 1805 3855 Iacob
1857 3795 2021 3873 (XV,
2072 3800 2182 3871 93;
2252 3793 2461 3871 XVII,
2512 3798 2668 3869 1483
2739 3793 3011 3871 XXVII,

313 3906 458 3976 246,
507 3901 658 3980 620)
707 3906 776 3962 et
823 3882 930 3959 Iob
975 3900 1309 3979 (XXVIII,
1360 3902 1486 3979 25).

519 4008 712 4081 Tum,
777 4024 933 4067 cum
979 4004 1087 4067 his
1150 4008 1221 4066 in
1287 4006 1579 4067 vocibus
1642 4004 2042 4081 viderimus,
2109 4004 2475 4066 Paulinum
2544 4001 2923 4065 abhorrere
2973 4022 3007 4064 a

312 4111 630 4190 synizesi,
678 4111 886 4173 etiam
933 4128 1182 4171 nomen
1228 4105 1564 4182 Iohannes,
1631 4108 1819 4188 quod
1866 4109 2124 4187 ubique
2171 4110 2243 4169 in
2293 4114 2590 4171 exeunte
2636 4124 2845 4169 versu
2893 4126 3009 4187 po-

311 4217 519 4292 nitur,
605 4213 907 4277 diductis
987 4214 1351 4276 vocalibus
1430 4213 2027 4292 pronuntiandum
2103 4231 2254 4275 esse
2333 4218 2733 4287 statuemUS,
2823 4213 3011 4289 quod

309 4321 620 4382 indicare
682 4320 1011 4381 videntur
1077 4318 1311 4394 verba,
1381 4335 1559 4395 quae
1623 4316 1784 4379 huic
1850 4319 2113 4379 nomini
2178 4322 2715 4396 anteponuntur.
2806 4315 3006 4377 Prae-

309 4424 568 4486 cedunt
631 4424 816 4485 enim
881 4423 1199 4503 plurimis
1269 4422 1442 4482 locis
1509 4440 1733 4499 voceS,
1803 4440 1983 4501 quae
2050 4428 2199 4483 arte
2267 4439 2421 4482 cum
2469 4438 2551 4481 co
2600 4421 3003 4481 cohaerent:

303 4534 518 4589 sancte
565 4524 952 4609 Iohanne3¹)
1002 4528 1138 4605 (VI,
1189 4527 1362 4605 303),
1408 4522 1566 4585 alme
1609 4523 1924 4586 Iohannes
1971 4526 2106 4604 (VI,
2158 4525 2328 4603 315),
2372 4522 2644 4605 baptista
2695 4520 3010 4583 Iohannes

309 4633 609 4710 (XXVII,
677 4637 829 4709 4113
896 4633 980 4695 cf.
1043 4632 1226 4693 infra
1281 4650 1345 4709 p.
1396 4632 1523 4707 27).
1615 4630 1742 4692 Cui
1809 4630 2073 4692 nomini
2123 4629 2547 4692 simillimum
2613 4633 2718 4690 est
2771 4624 3009 4688 callida

519 4876 557 4937 ι)
597 4875 764 4937 Apud
804 4875 948 4924 alios
984 4874 1200 4936 poetas:
1239 4872 1518 4924 Iohannes.

2734 4950 2800 5004 2*
