3567 5109
1421 283 1895 348 -137—

311 477 494 556 quod
541 477 963 541 laudativum
995 496 1215 556 genus
1261 495 1547 558 prorsus
1595 475 1904 539 excludit
1949 495 1987 537 a
2032 477 2412 539 rhetoricae
2460 477 2741 541 officio’.
2789 476 3013 549 Quare

311 599 446 645 non
494 583 748 645 accedo
797 583 1111 660 KisseliO,
1160 585 1280 663 qui
1327 581 1603 646 Celsum
1649 598 1879 662 genus·
1918 582 2241 644 iudiciale
2285 583 2625 663 imprimis
2672 589 3015 663 spectasse

311 705 392 746 ex
455 687 594 748 illis
641 687 1046 758 Quintiliani
1110 687 1345 750 verbis
1411 685 1848 762 concludit1).
1914 686 2101 762 Rem,
2166 685 2251 748 de
2299 705 2433 766 qua
2498 693 2884 766 quaeratur,
2932 687 3016 750 ad

312 809 473 854 rem
548 795 696 853 sive
763 810 1078 854 causam
1143 791 1467 854 dubiam
1528 793 1779 866 refer0,
1844 791 1916 852 id
1982 791 2171 870 quod
2228 809 2313 853 ex
2376 795 2715 873 oppositis
2762 791 3017 864 verbis,

315 914 484 975 quae
543 900 796 976 premit
851 897 1309 968 Quintilianus
1358 891 1642 978 (constet,
1695 915 1777 956 ew
1843 893 2184 980 confesso),
2250 915 2333 957 ex
2384 895 2565 959 Celsi
2615 896 3019 960 definitione

313 1003 692 1064 rhetoricae
739 1001 847 1080 (fr.
898 1001 982 1079 2.)
1029 1006 1100 1064 et
1143 1003 1246 1079 iis,
1295 1019 1468 1080 quae
1515 1003 1740 1064 statim
1796 1000 2206 1078 adferemus,
2253 1001 2569 1064 efficitur.

516 1104 626 1166 Ad
675 1121 768 1180 ea,
828 1122 1002 1183 quae
1057 1104 1301 1168 Celsus
1358 1107 1444 1168 de
1491 1123 1857 1168 causarum
1903 1105 2277 1184 generibus
2325 1105 2723 1187 disputavit,
2769 1107 3022 1169 Isidori

315 1215 516 1290 caput
561 1210 672 1274 IV.
717 1209 1161 1273 referendum
1209 1211 1489 1274 videtur
1533 1229 1704 1274 esse.
1758 1207 1969 1274 Hunc
2035 1211 2212 1274 duos
2274 1212 2465 1274 locos
2531 1210 2887 1275 Celsianos
2951 1215 3022 1274 111

318 1334 532 1378 unum
581 1317 1010 1380 contraxisse
1071 1315 1401 1394 arbitror3
1458 1320 1756 1397 primum
1823 1317 2004 1379 enim
2069 1318 2143 1378 in
2206 1319 2603 1380 universum
2668 1318 2754 1380 de
2801 1316 3023 1380 tribus

319 1421 691 1498 generibus
739 1439 1096 1484 causarum
1139 1421 1466 1501 loquitur,
1523 1421 1776 1485 deinde
1824 1421 1909 1484 ad
1955 1439 2178 1502 genus
2227 1421 2751 1485 deliberativum
2798 1429 2865 1484 et
2911 1422 3023 1484 de·

319 1529 844 1589 monstrativum
884 1527 1340 1590 describenda
1385 1527 1580 1590 redit.
1627 1527 1782 1590 Non
1832 1527 2121 1591 dubium
2166 1529 2379 1606 igitur
2410 1533 2531 1606 est,
2581 1530 2748 1607 quin
2782 1525 3024 1590 Celsus

321 1632 518 1692 etiam
568 1631 652 1693 de
698 1633 804 1692 his
853 1630 1126 1695 duobus
1175 1632 1548 1712 generibus
1593 1635 1975 1695 accuratius
2022 1633 2489 1712 disputaverit.

524 1735 1023 1807 Quintilianum
1058 1743 1282 1800 autem
1318 1755 1410 1810 ea,
1460 1756 1634 1816 quae
1681 1737 1921 1801 Celsus
1954 1737 2042 1800 de
2088 1739 2195 1801 his
2240 1738 2452 1802 rebus
2500 1738 2840 1815 disseruit,
2886 1756 3027 1800 non

323 1839 709 1918 neglexisse
773 1859 860 1903 ex
924 1844 1029 1920 iis,
1093 1861 1269 1922 quae
1313 1860 1524 1922 supra
1569 1844 1654 1905 de
1699 1841 1957 1906 Isidori
2020 1843 2330 1907 fontibus
2378 1845 2799 1924 scripsimus,
2863 1845 3029 1906 mihi

325 1945 678 2023 probatur.
740 1945 874 2008 Ad
913 1948 1210 2010 eundem
1255 1947 1619 2010 referenda
1683 1953 1847 2010 sunt
1908 1947 2075 2010 haec
2143 1948 2335 2011 Fabii
2380 1948 2590 2011 verba
2638 1949 2769 2027 (III
2819 1953 2877 2024 7,
2926 1951 3024 2028 3):

325 2067 448 2132 quo
493 2045 764 2112 solvitur
825 2048 1106 2136 quaestio
1171 2072 1380 2136 cupra
1425 2059 1700 2114 tractata
1761 2051 2298 2138 muffestumqae
2344 2060 2437 2114 est
2480 2071 2703 2115 errare
2748 2072 2871 2129 eos,
2918 2051 3033 2139 qui

325 2171 676 2239 numquam
720 2163 1034 2217 oratorem
1077 2154 1394 2217 dicturum
1437 2153 1570 2218 nisi
1613 2153 1696 2216 de
1740 2177 1819 2216 re
1864 2152 2098 2217 dubia
2129 2163 2531 2242 putaverunt
2562 2166 2766 2237 atque
2796 2162 3030 2222 nescio

326 2278 408 2322 an
458 2277 554 2337 ea,
602 2278 777 2340 quae
821 2267 1208 2342 sequuntur
1255 2262 1443 2342 (ibid.
1491 2267 1527 2322 4
1551 2262 1708 2341 ss.):
1767 2259 1851 2324 Ut
1881 2259 2206 2324 desiderat
2235 2269 2447 2324 autem
2494 2259 2663 2338 laus,
2711 2281 2875 2349 quae
2919 2283 3031 2325 ne-

321 2363 514 2446 yotiie
556 2361 908 2444 adhibetur,
942 2363 1404 2449 probationem,
1449 2366 1542 2427 sic
1575 2363 1764 2428 etiam
1811 2363 1952 2445 illa,
1999 2386 2161 2452 quae
2192 2363 2597 2429 ostentationi
2626 2366 3032 2454 compmzitur,

325 2463 506 2530 habet
577 2466 832 2532 interim
895 2467 1188 2557 aliquam
1257 2469 1530 2554 speciem
1579 2468 1995 2555 probationis
2068 2491 2130 2552 q.
2178 2492 2245 2547 8.,
2319 2476 2565 2554 partim
2638 2492 2727 2536 ex
2789 2475 3034 2538 eodem

331 2573 698 2653 fluxerint;
747 2578 894 2638 eius
958 2577 1148 2640 modi
1213 2579 1394 2640 enim
1459 2584 1635 2653 sunt,
1703 2578 1956 2656 quibus
2020 2576 2296 2640 Celsum
2372 2583 2781 2642 sententiam
2842 2598 3035 2644 suam

332 2684 676 2742 oratorem
725 2684 925 2744 etiam
970 2684 1042 2743 in
1089 2699 1346 2761 genere
1395 2682 1932 2746 demonstrativo
1985 2682 2071 2745 de
2118 2701 2192 2745 re
2240 2684 2447 2746 dubia
2493 2685 2837 2747 dicturum
2886 2702 3035 2748 esse

333 2784 710 2848 defendere
753 2789 1076 2867 potuerit.

535 2890 996 2962 Quintilianus
1061 2894 1133 2955 in
1179 2910 1261 2955 eo
1328 2895 1564 2974 capite,
1631 2912 1769 2972 quo
1836 2893 1923 2956 de
1966 2894 2169 2956 laude
2232 2900 2299 2955 et
2342 2897 2843 2973 vituperatione
2906 2897 3040 2960 dis-

335 3001 539 3074 putat,
612 2997 1002 3060 Aristotelis
1079 2997 1429 3077 quoddam
1505 3004 1967 3080 praeceptum,
2045 2995 2211 3082 quod
2270 3017 2420 3058 moa:
2489 2994 2829 3061 Cornelius
2904 2996 3043 3060 Cel·
3101 3039 3106 3044 -

334 3119 437 3160 eus
501 3120 714 3182 prope
787 3121 996 3184 supra
1069 3099 1317 3163 modum
1391 3101 1648 3180 invasit,
1725 3110 2237 3168 commemorat.
2314 3103 2502 3167 Haec
2588 3107 2802 3169 verba
2874 3107 3043 3168 nihil

339 3204 525 3270 aliud
601 3205 998 3286 significare
1075 3226 1278 3286 quam
1357 3209 1570 3287 ‘quod
1647 3207 2079 3288 frequentius
2142 3227 2346 3288 quam
2424 3217 2696 3289 oportet
2757 3229 3043 3291 usurpa·

339 3311 538 3375 verit’
603 3330 808 3375 nemo
875 3331 1016 3376 non
1083 3313 1287 3376 videt.
1335 3313 1578 3376 Celsus
1640 3316 1853 3392 igitur
1917 3317 1986 3376 in
2056 3315 2575 3377 Institutionum
2640 3315 2837 3378 libris
2903 3333 3045 3379 sae-

341 3419 494 3494 pius
553 3419 686 3480 hoc
747 3419 1037 3480 iteravit.
1099 3418 1302 3490 Quod
1364 3421 1516 3481 sine
1561 3419 1777 3481 dubio
1840 3423 1911 3482 in
1960 3419 2166 3483 laude
2214 3426 2281 3482 et
2325 3422 2827 3500 vituperatione
2876 3427 3044 3484 trac·

343 3521 542 3584 tanda
607 3526 1190 3586 commemoravit.
1267 3521 1403 3585 Sed
1481 3540 1636 3585 cum
1713 3526 1781 3585 in
1860 3523 2151 3586 aliorum
2230 3527 2587 3588 sententiis
2651 3525 3049 3589 adferendis

343 3628 504 3687 satis
552 3628 882 3706 religiose
928 3632 1166 3707 egerit,
1240 3646 1396 3691 eum
1466 3629 1599 3691 hoc
1656 3629 1811 3691 loco
1870 3630 2256 3692 Aristotelis
2320 3628 2569 3693 fecisse
2632 3633 3049 3692 mentionem

343 3731 506 3792 mihi
583 3735 736 3794 veri
795 3734 1016 3797 simile
1079 3741 1199 3797 est.
1276 3734 1462 3806 Quae
1525 3736 1584 3796 si
1645 3740 1831 3796 recta
1892 3725 2068 3812 sunt,
2148 3735 2517 3813 quaeritur,
2584 3737 3049 3815 inspexeritne

343 3833 594 3898 Fabius
643 3837 776 3900 hoc
839 3838 994 3900 loco
1041 3839 1429 3901 Aristotelis
1492 3839 1727 3900 libros·
1794 3838 2032 3918 Neque
2099 3842 2277 3901 enim
2344 3845 2448 3902 est
2512 3839 2817 3910 dubium,
2884 3840 3049 3917 quin

559 4169 598 4231 1)
636 4170 672 4218 l.
709 4182 752 4219 s.
791 4183 846 4232 p.
879 4173 976 4222 160
1015 4171 1156 4222 haec
1183 4171 1421 4234 profert:
1467 4169 1816 4232 ‘Quintilian
1856 4167 2029 4219 tadelt
2054 4167 2204 4220 diese
2231 4169 2481 4233 Ansicht)
2509 4209 2521 4221 .
2545 4209 2557 4222 .
2581 4206 2591 4218 .
2616 4209 2627 4222 .
2666 4171 2831 4221 sowie
2868 4171 2959 4220 (119
2996 4173 3052 4220 111

348 4253 672 4305 111111119119111
729 4255 906 4308 Sinne
963 4271 1076 4306 von
1117 4257 1310 4307 Celsus
1363 4259 1512 4308 noch
1550 4257 1742 4307 weiter
1799 4256 2322 4319 ausgesprochenen
2379 4257 2749 4324 Meinungen,
2801 4258 2909 4308 wie
2964 4258 3055 4306 die

348 4341 628 4406 fulgenda,
667 4343 796 4394 dass
821 4345 925 4394 der
951 4345 1176 4395 Redner
1213 4344 1356 4396 iiber
1393 4347 1576 4396 nichts
1613 4359 1681 4396 zu
1721 4345 1996 4407 sprechen
2036 4345 2202 4409 habe,
2242 4345 2323 4394 als
2360 4357 2477 4394 was
2514 4345 2603 4394 die
2641 4345 2821 4408 Klage
2852 4345 2919 4408 (ἓ)
2956 4357 3055 4394 an-

350 4429 508 4498 gelae,
565 4443 792 4481 πνοι-111111
843 4432 1108 4494 zugleich
1163 4435 1509 4496 hervei-geht
1547 4433 1635 4498 (2),
1691 4433 1821 4482 dass
1878 4433 1979 4481 der
2032 4432 2261 4481 letztere
2298 4431 2713 4494 vorzugsweise
2767 4431 2868 4481 das
2899 4447 3059 4496 genus

349 4513 600 4566 iudiciale
633 4515 727 4568 fi‘u·
764 4518 874 4568 den
913 4520 1180 4570 Ἴσι-1171111
1215 4521 1314 4570 des
1353 4521 1602 4570 Redners
1640 4519 1774 4585 halt,
1835 4520 1961 4568 eine
1997 4518 2245 4574 Ansicht,
2300 4519 2515 4568 welche
2550 4533 2690 4582 ganz
2726 4520 2826 4567 mit
2862 4520 2964 4568 der
3000 4521 3056 4568 111

351 4603 539 4654 8911191·
565 4603 688 4656 zcit
721 4607 870 4656 noch
909 4607 1230 4669 moglichen
1261 4607 1578 4670 Ausiibung
1614 4607 1714 4656 der
1752 4605 2182 4655 Beredsamkelt
2205 4604 2657 4656 iibereinstimmt
2683 4607 2872 4668 (nonne
2908 4607 3059 4653 etiam

349 4705 508 4754 yenm
543 4690 1002 4758 demonstr-aemma
1038 4703 1140 4744 tum
1177 4695 1590 4766 exercebatur-5³),
1619 4695 1691 4744 da
1730 4693 1865 4744 bloss
1904 4694 2050 4742 noch
2088 4692 2277 4742 Reden
2316 4705 2421 4742 vor
2458 4691 2690 4742 Gericht
2724 4693 3057 4755 ertolgreieh

353 4779 468 4828 und
502 4781 728 4833 erlaubt
763 4785 882 4834 sein
918 4785 1186 4834 konnten.
