3567 5109
1419 355 1899 418 —169—

726 569 894 612 num
939 557 1103 610 totus
1135 544 1372 610 Graias
1415 554 1790 632 nostrasque
1836 543 2013 606 habet
2058 544 2224 608 orbis
2258 544 2552 608 Athenas,

519 657 694 718 Huic
739 656 895 719 loco
943 655 1336 718 simillimus
1383 661 1486 718 est
1533 655 1708 717 alter
1753 656 1824 716 in
1874 661 1991 715 sat.
2039 653 2135 715 XI
2186 658 2307 713 100

726 767 878 821 tunc
938 758 1120 820 rudis
1183 767 1240 821 et
1289 756 1532 821 Graias
1575 755 1812 820 mirari
1857 757 2103 820 nescius
2146 764 2329 820 artes.

523 866 654 928 Sed
696 867 816 929 tali
849 865 1456 930 Iuvenalianorum
1507 881 1833 928 versuum
1882 863 2324 943 explicationi
2371 863 2601 926 nescio
2650 861 2805 942 quis
2840 861 3022 924 dicat

310 987 707 1051 repugnare
756 977 878 1034 sat.
927 971 986 1032 X
1024 975 1146 1032 174
1195 976 1262 1034 et
1308 989 1406 1050 sq.

728 1121 930 1140 .....
963 1082 1020 1135 et
1066 1071 1339 1159 quiquid
1387 1069 1666 1134 Graecia
1711 1069 1985 1133 „tenda-‘e

729 1175 922 1240 audet
966 1176 1038 1240 in
1084 1175 1366 1257 historia,

314 1293 382 1348 et
430 1295 552 1349 sat.
597 1285 754 1347 XIV
805 1289 930 1348 240

731 1403 986 1468 Dileoeit
1039 1403 1302 1480 Theba-3,
1346 1404 1406 1466 si
1451 1403 1725 1467 Graecia
1768 1425 1943 1478 vera,
1992 1402 2371 1466 fllenoeceus

319 1531 571 1609 quibus
603 1529 922 1593 versibus
955 1529 1298 1593 Iuvenalis
1332 1529 1752 1592 Graecorum
1803 1530 2179 1608 scriptores
2208 1529 2593 1591 mendaces
2640 1543 2791 1590 esse
2838 1526 3024 1587 clare

316 1635 504 1697 dicit.
568 1637 655 1698 At
710 1634 1054 1698 Iuvenalis
1113 1635 1435 1697 versibus
1502 1637 1867 1712 exscriptis
1924 1652 2066 1695 non
2126 1634 2309 1712 dicit,
2375 1651 2549 1713 quae
2616 1633 2767 1712 ipse
2832 1631 3023 1694 solus

317 1741 401 1803 de
467 1739 884 1803 Graecarum
949 1759 1182 1802 rerum
1249 1740 1729 1818 scriptoribuS,
1797 1739 1921 1801 sed
1988 1757 2164 1818 quae
2229 1757 2469 1801 omnes
2534 1737 2683 1800 fere
2730 1734 3025 1798 Romani

317 1843 714 1924 scriptore-e,
777 1847 847 1906 in
912 1845 1036 1924 his,
1102 1845 1221 1923 qui
1279 1861 1316 1905 a
1377 1851 1566 1923 parte
1629 1843 1835 1906 Plotii
1902 1843 2399 1922 discipulorum
2461 1861 2604 1906 non
2668 1846 3023 1911 steterunt,

317 1951 831 2028 cogitaverunt3
899 1966 1062 2010 nam
1131 1948 1315 2010 idem
1383 1948 1530 2011 fere
1593 1947 1925 2011 iudicium
1991 1951 2337 2027 reperitur
2392 1947 2575 2027 apud
2621 1947 3023 2010 Ciceronem

318 2054 402 2116 de
448 2055 605 2133 Leg.
652 2053 686 2116 I
734 2059 768 2113 ὁ
848 2071 1238 2138 quamquam
1283 2058 1339 2113 et
1383 2048 1563 2134 apud
1607 2048 2017 2124 Herodotum,
2071 2060 2332 2134 patrem
2394 2050 2696 2112 histor-iae
2738 2055 2801 2110 et
2846 2043 3029 2131 apud

324 2154 789 2240 Theopompum
819 2164 964 2218 sunt
994 2153 1489 2218 innumerabiles
1516 2153 1793 2241 fabulae
1840 2161 1909 2219 et
1954 2157 2134 2236 apud
2178 2156 2672 2228 Quintilianum
2718 2157 2884 2217 Inst.
2930 2170 3028 2214 or.

317 2264 383 2325 II
432 2270 488 2338 4,
539 2269 616 2323 19
683 2281 831 2322 nam
880 2259 1144 2322 Graecis
1206 2258 1491 2324 historiis
1524 2258 1908 2346 plerumque
1966 2260 2255 2344 poeticae
2319 2257 2545 2321 sinaeile's
2592 2255 2857 2320 licentia
2919 2265 3025 2320 eet.

319 2368 680 2430 Praeterea
710 2365 1024 2428 Iuvenali
1048 2364 1399 2428 simillima
1433 2367 1879 2429 inveniuntur
1910 2365 2089 2444 apud
2122 2366 2415 2428 Plinium
2446 2365 2525 2428 N.
2555 2365 2617 2426 h.
2640 2365 2714 2427 V.
2748 2371 2783 2422 4
2816 2361 3031 2423 minus

310 2469 600 2556 profecto
671 2469 987 2530 mirentur
1045 2475 1420 2552 portentosa
1487 2466 1799 2531 Graeciae
1862 2467 2185 2530 mendacis
2250 2470 2401 2531 VIII
2473 2475 2551 2530 82
2632 2464 2870 2528 mirum
2941 2474 3031 2527 est

323 2595 442 2660 quo
477 2571 802 2658 procedat
849 2570 1104 2636 Graeca
1157 2569 1541 2635 credulitas!
1603 2571 1859 2635 null-am
1922 2581 2055 2636 tam
2098 2570 2435 2654 impudens
2478 2568 2902 2648 mendacium,
2964 2577 3034 2631 ut

321 2687 468 2741 teste
515 2685 736 2741 careat
765 2679 895 2742 XII
933 2685 1006 2740 11
1063 2675 1375 2740 Graeciae
1405 2675 1807 2762 fabulositas
1845 2679 1891 2756 ¹)
1928 2679 2092 2740 Illos
2141 2678 2331 2741 locos
2366 2678 2451 2740 ad
2484 2678 3029 2756 disquisitionem

323 2786 708 2849 institutam
773 2785 1066 2847 multum
1115 2783 1348 2847 valere
1394 2790 1581 2864 put0‚
1648 2785 1899 2864 quibus
1962 2783 2357 2846 Iuvenalem
2422 2783 2685 2844 litteras
2734 2781 3031 2843 Graecas

321 2893 516 2970 parvi
585 2908 723 2953 non
789 2888 1035 2952 fecisse
1085 2887 1513 2952 ostendatur.
1579 2888 1731 2950 Hoc
1789 2888 1943 2967 ipso
1993 2889 2077 2950 ab
2129 2892 2412 2949 auctore
2463 2887 2551 2948 ad
2596 2885 3029 2947 Herennium

325 2995 610 3074 aliisque
659 2993 867 3056 Plotii
911 2992 1270 3073 discipulis
1316 2994 1615 3054 maxime
1663 2991 1920 3055 differt.

527 3101 760 3178 Neque
792 3098 1188 3161 Iuvenalem
1235 3095 1589 3175 Graecas²)
1640 3097 1903 3161 litteras
1936 3101 2028 3160 ita
2077 3097 2327 3174 odisse,
2375 3103 2449 3159 ut
2494 3094 2751 3156 nullius
2784 3094 3031 3156 Graeci

323 3206 680 3284 scriptoris
735 3221 984 3265 nomen
1041 3207 1184 3265 suis
1233 3203 1304 3264 in
1353 3202 1771 3265 carminibus
1824 3200 2131 3276 afferret,
2178 3202 2343 3265 haec
2392 3199 2707 3280 exempla
2758 3199 3031 3261 demon-

325 3314 546 3371 strant
591 3315 718 3371 sat.
765 3308 824 3369 X
873 3311 994 3368 246
1017 3325 1167 3387 sqq.

750 3449 871 3490 reat
921 3425 1168 3510 Pylius,
1213 3449 1436 3512 may-no
1482 3427 1539 3490 si
1587 3425 1945 3515 quidquam
1990 3425 2201 3489 credis
2248 3425 2599 3502 Homero,

741 3529 1095 3614 eaeemplum
1139 3531 1312 3594 vitae
1340 3533 1483 3617 fait
1529 3554 1574 3594 a
1621 3531 1865 3594 cornice
1914 3528 2247 3594 secundae.

743 3633 940 3698 Felix
985 3635 1304 3715 nimirum,
1351 3638 1465 3724 qui
1507 3644 1592 3698 tot
1629 3659 1757 3721 per
1805 3634 2065 3700 saecula
2112 3641 2369 3697 mortem

747 3738 1000 3804 diatulit
1043 3749 1234 3828 atque
1281 3763 1427 3804 auos
1471 3741 1603 3804 iam
1647 3739 1881 3804 ἀρτάνα-
1926 3747 2241 3824 ευηι]ιιιίαί
2288 3760 2507 3820 annos,

745 3848 972 3933 quique
1018 3870 1245 3912 novum
1289 3847 1515 3911 totiens
1558 3854 1833 3909 maestum
1860 3844 2026 3923 ‚bibit
2074 3867 2127 3910 e.
2178 3866 2237 3926 q.
2288 3866 2338 3910 s.

539 3973 656 4036 XV
705 3979 958 4038 65-—70

749 4127 809 4141 ..
839 4098 954 4140 nec
999 4075 1162 4139 hunc
1213 4073 1510 4160 lapidem,
1560 4073 1783 4160 quales
1829 4082 1887 4136 et
1926 4073 2179 4137 'lla-nus
2223 4082 2281 4136 et
2322 4073 2512 4144 Aiaoe,

755 4179 848 4243 vel
895 4201 1018 4268 quo
1073 4179 1344 4265 Tydides
1379 4179 1702 4264 percussit
1737 4177 2025 4262 pondere
2072 4201 2299 4241 comam

751 4285 1019 4364 Aeneae,
1067 4284 1176 4348 sed
1223 4307 1403 4373 quem
1447 4283 1707 4348 valeant
1751 4284 2028 4345 emitte-re
2073 4281 2329 4345 deaetrae

751 4387 884 4453 illis
929 4387 1274 4454 dissimiles
1317 4399 1374 4452 et
1419 4396 1635 4453 nostro
1681 4397 1959 4471 tempore
2005 4394 2213 4452 natae.

539 4583 577 4643 ¹)
614 4583 914 4633 Praeterea
947 4584 1126 4633 multa
1151 4583 1317 4633 huius
1343 4583 1563 4646 generis
1600 4580 1863 4644 exempla
1906 4579 2133 4642 collegit
2162 4579 2361 4642 Mayor
2397 4581 2457 4630 in
2498 4584 2793 4632 comment.
2822 4580 2879 4629 II
2924 4580 3037 4643 129,

337 4667 408 4718 ad
447 4681 630 4733 quem,
667 4683 738 4719 ne
775 4669 978 4732 longus
1015 4669 1136 4736 sim,
1174 4671 1422 4732 legentes
1457 4681 1682 4719 revoco.

539 4757 579 4818 2)
618 4757 948 4807 Iuvenalem
988 4757 1300 4819 permultos
1333 4756 1490 4807 locos
1526 4756 1598 4806 ad
1639 4755 1985 4806 Graecorum
2024 4755 2330 4816 scriptores
2368 4753 2819 4804 accommodasse
2856 4767 3037 4815 nuper

335 4840 478 4922 dixit
511 4843 787 4896 christine
825 4843 898 4904 (S.
947 4845 1010 4893 B.
1057 4844 1110 4893 d.
1159 4845 1316 4906 bayr.
1357 4843 1456 4894 Ak.
1506 4843 1643 4905 phil.
1682 4842 1809 4892 hist.
1850 4842 1937 4893 Kl.
1980 4843 2111 4894 1897
2152 4839 2179 4892 Ι
2218 4844 2317 4892 124
2355 4842 2518 4903 sqq.).
