3567 5109
1595 297 1677 307 -—
1773 262 1895 326 162
1990 299 2069 309 --

479 456 740 519 factum
809 462 930 532 est,
996 462 1070 517 ut
1133 456 1218 518 de
1285 457 1392 518 his
1456 453 1666 518 rebus
1731 473 2151 536 quamquam
2216 457 2411 518 multi
2470 455 3025 537 disputaverunt,
3071 459 3191 537 qui

480 562 568 624 ad
631 560 976 624 Iuvenalis
1051 566 1320 623 saturas
1395 561 1842 639 explicandas
1924 567 1989 623 et
2053 561 2140 624 ad
2203 569 2453 641 poetae
2517 564 2737 642 ipsius
2803 563 3013 626 vitam
3080 581 3193 625 ex-

479 666 871 746 ponendam
949 665 1392 729 contulerunt
1457 683 1738 746 operam
1798 673 1863 728 et
1906 668 2279 746 ingenium,
2324 675 2552 731 tamen
2600 667 2773 730 nihil
2818 685 2947 748 pro
2996 674 3188 731 certo

477 771 822 834 affirmari
871 777 1126 851 posset.
1194 771 1497 850 Accedit,
1562 772 1751 852 quod
1800 771 1883 836 H.
1933 771 1984 834 Ι.
2034 772 2120 835 de
2151 773 2559 853 Dompierre
2607 773 2693 836 de
2726 768 3189 852 Chauffepie1)

474 879 627 940 iure
675 877 976 956 quodam
1027 875 1394 952 dubitavit,
1441 894 1608 939 num
1655 873 1958 956 titulus’)
2008 878 2139 953 ille,
2188 895 2394 957 quem
2426 879 2565 940 viri
2613 878 2805 942 docti
2854 880 2945 941 ad
2990 878 3187 940 Iuve-

475 983 706 1045 nalem
755 989 1028 1062 poetam
1076 989 1466 1045 saturarum
1515 982 1953 1057 rettulerunt,
2003 989 2189 1046 recte
2236 984 2598 1063 suppletus
2647 991 2845 1047 esset.

685 1089 925 1152 Restat
972 1089 1173 1151 tertia
1221 1088 1536 1167 quaestio
1586 1106 1793 1167 quam
1850 1091 2411 1152 commemoravi.
2478 1090 2577 1152 De
2626 1086 2991 1167 disciplina
3038 1090 3189 1151 rhe-

478 1193 720 1272 torica,
753 1211 886 1272 qua
918 1192 1224 1256 imbutus
1256 1200 1427 1266 erat,
1461 1194 1809 1256 Iuvenalis
1840 1193 1994 1274 ipse
2026 1195 2189 1256 satis
2220 1194 2427 1274 plane
2458 1195 2766 1274 disputat
2799 1192 2832 1255 Ι
2870 1199 2947 1254 15
2982 1192 3187 1274 sqq.³)

479 1297 822 1369 Quoniam
915 1300 1263 1378 permulta
1341 1316 1505 1362 sane
1580 1300 1871 1377 vestigia
1947 1299 2337 1361 rhetoricae
2412 1298 2815 1378 disciplinae
2892 1299 3193 1362 inveniri

477 1405 609 1464 viri
624 1401 675 1480 ⁴)
746 1402 933 1465 docti
1000 1404 1476 1481 ostenderunt,
1545 1406 1922 1482 quaeritur,
1987 1421 2124 1483 quo
2192 1407 2525 1484 magistro
2588 1405 2755 1466 artis
2810 1405 3192 1466 rhetoricae

475 1507 827 1570 Iuvenalis
876 1525 1042 1570 usus
1090 1509 1195 1570 sit.
1247 1507 1393 1571 Hac
1441 1509 1526 1571 de
1570 1528 1663 1582 re,
1712 1526 1917 1588 quam
1967 1507 2105 1570 duo
2153 1508 2286 1570 viri
2333 1508 2713 1570 doctissimi
2761 1505 2991 1570 obiter
3036 1525 3191 1587 per-

476 1615 925 1689 strinxerunt,
994 1613 1538 1692 disputationem
1606 1614 2032 1693 peculiarem
2096 1613 2230 1677 hoc
2292 1612 2528 1676 libello
2594 1611 2961 1675 instituere
3024 1614 3191 1675 mihi

476 1717 827 1797 proposui.
893 1717 1455 1796 Friedlaender⁵)
1524 1718 1705 1780 enim
1756 1717 2154 1780 Iuvenalem
2220 1716 2708 1791 Quintiliani
2772 1717 3189 1796 discipulum

473 1821 690 1885 fuisse
753 1820 1138 1885 affirmavit
1203 1823 1618 1886 testimoniis
1684 1823 2059 1898 nonnulliS,
2125 1823 2210 1885 de
2278 1821 2530 1902 quibus
2600 1822 2803 1885 nobis
2850 1821 3191 1902 agendum

474 1929 619 2004 erit,
670 1927 1007 2003 confisus;
1055 1929 1162 1989 Fr.
1212 1927 1585 2004 Marxiusss)
1661 1944 1818 1989 eum
1865 1927 2181 1990 Latinis
2244 1926 2726 1990 rhetoribus
2792 1927 3190 1989 adscribere

475 2032 769 2094 videtur.
819 2031 1195 2094 Videamus
1250 2033 1482 2111 igitur,
1533 2031 1698 2111 quid
1749 2034 1835 2095 de
1880 2033 1990 2096 his
2038 2032 2395 2096 sententiis
2443 2033 2533 2095 sit
2578 2032 3043 2096 iudicandum.

697 2241 736 2304 ¹)
773 2239 860 2290 Dc
896 2241 1041 2290 titulo
1080 2239 1123 2289 l.
1163 2241 1228 2292 R.
1268 2240 1332 2291 N.
1371 2242 1508 2290 4312
1545 2243 1620 2290 ad
1658 2241 1952 2291 Iuvenalem
1984 2248 2193 2305 poetam
2220 2256 2501 2304 perperam
2534 2239 2719 2292 relato.
2758 2241 2989 2306 Leyden
3032 2241 3185 2293 1889.

687 2329 728 2389 ²)
765 2329 910 2378 conf.
941 2327 998 2378 C.
1029 2328 1073 2377 Ι.
1114 2328 1172 2380 L.
1201 2330 1248 2378 X
1287 2331 1424 2380 5382
1463 2330 1550 2390 (=
1571 2330 1615 2380 Ι.
1643 2328 1706 2380 R.
1745 2330 1809 2380 N.
1848 2331 2003 2396 4312,
2043 2329 2483 2382 Henzen-Orelli
2524 2331 2677 2392 5599,
2703 2330 2914 2380 Des-au
2950 2329 2978 2379 1
3014 2332 3190 2392 2926).

685 2415 730 2476 ³)
769 2419 817 2462 et
853 2429 946 2464 noe
970 2412 976 2480 Ι
1001 2412 1266 2464 concilium
1300 2413 1535 2464 dedimus
1571 2413 1766 2478 Sullae,
1794 2415 2035 2477 pn‘valm
2070 2421 2123 2464 ut
2160 2414 2320 2464 altum
2344 2413 2351 2482 Ι
2375 2414 2637 2466 domaret.

689 2501 731 2564 ⁴)
768 2501 1006 2566 Teuffel,
1059 2503 1297 2554 Studien
1354 2516 1409 2565 p.
1446 2504 1575 2554 420:
1615 2501 1778 2568 „Unel
1816 2503 1898 2551 ein
1950 2499 2152 2552 Rhetor
2185 2502 2252 2552 iet
2289 2500 2509 2552 Juvenal
2557 2500 2681 2552 doch
2716 2517 2777 2552 zu
2814 2499 3049 2552 alteram
3084 2500 3192 2550 und

472 2606 582 2640 vom
623 2587 840 2640 Scheite„
895 2587 972 2638 bie
1004 2605 1092 2638 zur
1127 2587 1293 2640 Zela&
1351 2595 1406 2641 et
1442 2603 1589 2652 quae
1643 2603 1792 2652 seq..
1830 2590 2071 2655 Schanz,
2114 2590 2268 2642 Rom.
2310 2591 2433 2640 Litt.
2472 2589 2671 2640 Gesch.
2709 2590 2793 2639 ῙῙ2
2829 2604 2883 2654 p.
2927 2592 3025 2641 176
3063 2603 3189 2652 sqq.

476 2679 654 2742 Peter,
717 2677 914 2728 Gesch.
953 2677 1079 2726 Litt.
1117 2675 1260 2727 iiber
1297 2677 1389 2727 die
1426 2677 1567 2728 rom.
1618 2677 1924 2728 Kaiserzeit
1960 2677 2017 2728 11
2055 2678 2205 2728 7711.
2255 2678 2477 2742 Sti-ube,
2516 2673 2600 2725 De
2634 2674 2887 2728 rhetorica
2922 2675 3189 2727 Iuvenum

473 2764 769 2828 disciplina.
812 2763 1184 2826 Bergmiiller,
1231 2763 1437 2822 Quae-tt.
1476 2764 1587 2813 Iuv.

684 2853 724 2913 ⁵)
763 2853 800 2902 1.
835 2853 871 2900 l.
909 2866 962 2914 p.
1005 2855 1085 2903 16.

683 2939 724 3001 8)
761 2937 955 2988 Incerto·
989 2939 1207 2988 auctoris
1261 2937 1329 2989 dc
1381 2941 1583 2990 ratione
1637 2940 1850 2990 dicendi
1910 2939 1984 2990 ad
2025 2939 2079 2992 0.
2136 2939 2455 2990 Herennium
2495 2937 2612 2988 libra·
2648 2938 2684 2988 I
2694 2938 2749 3004 V,
2790 2939 3010 3003 Lipsiae
3051 2941 3185 2990 1894

477 3042 530 3090 p.
572 3029 686 3078 148.
