3567 5109
1454 327 1898 388 -99....

314 543 474 604 artis
522 561 563 604 a
609 559 677 603 se
726 539 1012 604 traditae
1060 542 1585 603 aestimationem
1632 542 1858 621 magni
1897 537 2366 620 discipulorum
2405 559 2658 602 errores
2699 545 3033 604 consecuti

312 654 483 726 sunt,
524 650 619 711 ita
657 653 748 724 ut,
789 645 969 728 quod
1008 649 1253 728 optime
1290 645 1491 728 paulo
1532 653 1685 710 ante
1722 648 1792 709 in
1829 648 2080 709 incerto
2120 642 2235 709 illo
2266 644 2354 708 ad
2393 645 2800 712 Herennium
2829 651 3030 730 scrip-

310 761 453 818 tore
482 753 781 832 vidimus,
818 751 1097 817 artificio
1128 756 1389 835 cognito
1421 755 1642 818 omnia
1671 772 1739 816 se
1770 750 2002 816 fecisse
2041 750 2539 817 arbitrarentur.
2589 749 3030 836 Quamobrem

314 859 547 926 Cicero
594 858 856 925 illorum
901 859 1239 924 hominum
1286 862 1735 942 arrogantiam
1781 858 1958 922 ferre
2003 878 2138 923 non
2183 862 2417 942 potuit.
2468 858 2661 925 Certe
2707 863 3033 924 neminem

313 973 609 1032 nostrum
654 966 831 1050 fugit
873 966 1077 1031 multo
1124 965 1391 1032 facilius
1438 987 1581 1030 esse
1630 966 1711 1030 de
1761 972 1902 1030 arte
1948 963 2132 1047 loqui
2180 985 2378 1048 quam
2427 966 2783 1030 secundum
2825 973 3031 1030 artem

316 1074 554 1138 dicere.
606 1073 915 1140 Omnium
961 1077 1161 1158 igitur
1206 1071 1469 1138 illorum
1515 1072 1850 1137 rhetorum
1897 1070 2264 1150 stultitiam,
2316 1076 2428 1156 qui
2468 1077 2838 1156 praeceptis
2876 1072 3033 1137 solis

314 1179 770 1246 adulescentes
817 1181 1157 1246 Romanos
1204 1189 1500 1246 oratores
1537 1200 1607 1244 se
1643 1179 1940 1243 facturos
1976 1177 2478 1261 pollicebantur,
2538 1178 2768 1245 Cicero
2809 1179 3032 1246 Crassi

314 1308 427 1352 ore
463 1289 878 1353 vehementer
923 1289 1273 1370 exagitat1.
1329 1286 1555 1369 Atque
1594 1308 1723 1370 quo
1762 1289 1974 1368 magis
2019 1285 2353 1349 rhetorum
2400 1290 2655 1351 animos
2703 1291 3036 1370 reprimat,

314 1414 434 1477 per
482 1393 792 1460 Crassum
839 1415 951 1460 eos
999 1393 1509 1459 commonefacit
1562 1391 2028 1457 Menedemum
2084 1391 2548 1476 philosophum
2602 1414 2828 1459 eorum
2875 1399 3033 1460 arti-

312 1501 531 1565 ficium
586 1522 853 1586 prorsus
909 1500 1143 1566 inutile
1201 1521 1343 1566 esse
1390 1499 1840 1566 adfirmavisse
1888 1503 2200 1583 ipsosque
2257 1507 2609 1583 praecepta
2654 1499 2792 1580 illa,
2862 1523 3031 1586 quae

314 1608 672 1687 venditent,
729 1629 862 1673 non
916 1613 1261 1687 invenisse,
1316 1609 1434 1672 sed
1490 1629 1570 1672 ex
1626 1606 2034 1672 orationibus
2089 1604 2536 1690 eloquentium
2590 1611 2874 1674 virorum
2923 1610 3032 1674 ob-

314 1721 574 1780 servata
621 1715 961 1798 collegisse
974 1717 1017 1780 ².

526 1822 699 1887 Item
738 1820 969 1888 Cicero
1016 1825 1086 1884 in
1131 1820 1264 1885 illis
1308 1822 1415 1885 De
1462 1827 1724 1885 oratore
1770 1819 1958 1884 libris
2003 1819 2342 1899 indicavit,
2391 1843 2507 1886 cur
2553 1822 3030 1902 adulescenteS,

315 1933 431 2013 qui
476 1928 774 1994 scholam
820 1929 1101 1994 rhetoris
1137 1926 1577 2010 reliquissent,
1626 1926 1904 1991 multum
1940 1930 2141 1991 etiam
2170 1949 2210 1991 a
2241 1949 2494 1993 summa
2523 1935 2806 1995 oratoris
2833 1929 3032 1996 laude

314 2035 637 2100 abessent.
719 2035 1109 2100 Desiderari
1155 2037 1331 2098 enim
1375 2037 1445 2098 in
1490 2037 1573 2097 iis
1622 2033 1882 2097 dicendi
1931 2033 2488 2098 consuetudinem.
2569 2034 2722 2101 Hoc
2769 2039 3032 2122 quidem

314 2146 543 2227 negari
596 2163 749 2229 non=
786 2148 1007 2225 potest
1049 2144 1121 2204 in
1164 2141 1501 2206 rhetorum
1546 2139 1790 2204 scholis
1838 2143 2342 2205 exercitationes
2389 2163 2651 2227 quoque
2699 2147 3034 2210 institutas

312 2269 472 2314 esse.
522 2248 656 2314 Sed
700 2248 867 2313 haec
912 2252 1179 2313 minime
1226 2245 1666 2326 sufficiebant,
1720 2253 1799 2311 ut
1843 2250 1990 2330 quis
2034 2251 2104 2312 in
2148 2246 2296 2313 foro
2344 2253 2689 2334 causisque
2739 2250 3035 2318 civilibus

312 2360 409 2421 ita
458 2355 723 2434 diceret,
771 2362 847 2420 ut
888 2354 1221 2440 probaret,
1270 2353 1651 2433 delectaret,
1699 2353 2010 2419 flecteret.
2105 2353 2239 2419 Sed
2285 2356 2610 2422 educenda
2654 2364 2798 2422 erat
2841 2360 3036 2424 dictio

312 2487 393 2528 ea·
436 2465 555 2527 hac
598 2463 943 2527 domestica
986 2463 1437 2528 exercitatione
1480 2469 1545 2527 et
1584 2462 1934 2526 umbratili
1975 2461 2265 2526 medium
2317 2463 2396 2526 in
2443 2485 2692 2547 cymen,
2747 2465 2826 2529 in
2870 2468 3030 2550 pul-

312 2591 543 2652 verem,
590 2571 667 2634 in
702 2571 1065 2651 clamorem,
1110 2570 1187 2633 in
1222 2575 1437 2634 castra
1472 2575 1664 2653 atque
1698 2569 1776 2632 in
1811 2569 2016 2632 aciem
2051 2567 2408 2651 forensem‚·
2455 2571 2837 2636 subeundus
2873 2595 3037 2638 ustis

314 2678 615 2742 omnium
658 2683 720 2742 et
752 2677 1221 2761 periclitandae
1274 2677 1447 2741 ‘vires
1498 2676 1784 2758 inqenii;
1861 2681 1925 2739 et
1974 2675 2092 2738 illa
2147 2678 2596 2742 commentatio
2647 2679 2906 2743 inclusa
2959 2681 3034 2746 ἰ’-η,

314 2784 609 2848 veritatis
656 2785 863 2848 lucem
898 2782 1295 2867 profercmla
1309 2781 1351 2846 ³.
1405 2780 1649 2847 Orator
1686 2781 2130 2846 ostendendus
2179 2789 2323 2846 erat
2369 2781 2793 2864 adulescenti,
2841 2807 3036 2868 quem

316 2896 470 2954 ante
510 2887 735 2954 oculos
771 2889 1047 2953 haberet
1082 2895 1281 2970 atque
1319 2889 1755 2968 imitaretur⁴;
1805 2886 2083 2952 multum
2131 2888 2608 2954 scribendum⁵.
2658 2889 2771 2955 Sic
2811 2892 3034 2957 adule-

318 3016 526 3075 scenS,
566 2997 727 3082 quid
765 2997 1043 3074 deceret,
1083 2994 1379 3076 videbat3
1427 3017 1587 3059 nam
1621 3017 1738 3059 nec
1772 3015 2023 3079 semper
2057 3017 2174 3060 nec
2208 2998 2389 3080 apud
2422 3017 2643 3062 omnes
2669 3019 2786 3064 nec
2811 3007 3036 3064 contra

315 3123 537 3168 omnes
581 3125 697 3168 nee
730 3125 857 3187 pro
902 3103 1209 3168 omnibu-s·
1253 3124 1369 3168 nec
1412 3103 1715 3167 omnibus
1760 3103 1974 3167 eodem
2021 3104 2205 3166 modo
2249 3104 2594 3168 dicendum
2639 3112 2758 3170 est.
2808 3107 2879 3170 Is
2914 3110 3042 3173 erit

312 3231 461 3294 erqo
503 3212 818 3294 eloquere-3,
866 3211 985 3293 qui
1027 3211 1114 3273 ad
1155 3210 1243 3291 id,
1290 3209 1730 3292 quodcumque
1775 3209 2028 3291 decebit,
2069 3210 2313 3292 poterit
2353 3213 2826 3279 accommodare
2881 3237 3031 3278 ora-

317 3318 555 3382 tionem
570 3317 613 3380 ⁶.

528 3422 675 3500 Hie,
734 3444 902 3506 quae
952 3420 1185 3488 Cicero
1232 3421 1359 3485 sibi
1413 3426 1758 3504 persuasit,
1813 3426 2093 3504 cognitis
2140 3422 2230 3486 ad
2277 3422 2633 3506 Augustini
2679 3435 3037 3512 praecepta

314 3528 680 3594 redeamus.

539 3635 771 3713 Quem
814 3635 901 3698 in
944 3635 1387 3719 eloquentia
1430 3637 1946 3719 comparanda
1991 3637 2544 3701 exercitationi
2586 3644 2810 3722 atque
2857 3641 3032 3706 imi-

318 3743 607 3808 tationi
658 3743 1004 3826 potiores
1077 3763 1303 3825 quam
1373 3741 1733 3824 artifieio
1797 3748 2069 3826 partes
2133 3743 2506 3810 tribuisse
2579 3751 2806 3830 atque
2877 3771 3034 3812 seu-

317 3851 603 3914 tentias
666 3850 840 3913 illis
908 3849 1308 3913 Ciceronis
1369 3849 1617 3912 verbis
1680 3849 1798 3912 ita
1847 3850 2153 3914 similes
2217 3853 2693 3935 expressisse
2753 3855 3034 3918 ridebi-

318 3978 501 4038 muS,
556 3962 645 4020 ut
694 3978 859 4019 eum
913 3961 1090 4019 ante
1153 3957 1429 4037 ocu-los,
1497 3977 1645 4019 cum
1708 3955 1874 4019 haec
1936 3956 2272 4036 scriberet,
2341 3958 2585 4023 libros
2644 3959 3040 4025 Ciceronis

314 4063 423 4127 De
494 4069 799 4128 oratore
864 4063 1291 4142 Ieabuisse,.
1332 4062 1884 4127 existimemus,
1970 4062 2118 4126 Iam
2182 4062 2540 4146 Augustini
2611 4065 2850 4129 verba⁷
2925 4089 3038 4132 au-

532 4217 551 4252 ²
590 4219 671 4272 De
712 4237 791 4273 or.
830 4219 927 4274 III
964 4221 1049 4275 54.

532 4307 555 4341 ²
590 4308 673 4361 De
712 4326 791 4362 or.
829 4308 860 4363 Ι
897 4309 968 4364 90
1006 4314 1064 4363 et
1105 4309 1222 4363 146.

531 4397 553 4430 ³
591 4398 673 4450 De
711 4415 791 4450 or.
819 4396 851 4450 I
894 4398 1013 4452 157.

530 4486 553 4519 ⁴
590 4486 672 4538 De
712 4505 793 4562 or.
822 4485 887 4540 11
923 4487 1018 4555 90;
1060 4485 1252 4555 Quint.
1284 4485 1339 4540 X
1376 4488 1426 4552 2,
1469 4486 1551 4539 14.

531 4577 553 4608 ⁵
590 4575 671 4628 De
710 4593 789 4629 or.
827 4575 857 4628 1
899 4575 1028 4630 150:
1111 4576 1287 4644 Caput
1322 4580 1505 4628 autem
1540 4582 1634 4644 est,
1681 4576 1838 4645 quod,
1889 4581 1948 4628 ut
1989 4593 2104 4630 vere
2139 4576 2342 4642 dicam,
2391 4576 2624 4630 minime
2659 4578 2904 4646 fac-inme
2944 4587 3040 4640 (est

313 4661 465 4715 enim
500 4663 695 4732 mayni
734 4664 957 4733 laboris,
995 4681 1152 4733 quem
1181 4663 1428 4733 plerique
1463 4664 1735 4734 fugivimus)
1750 4682 1769 4716 .·
1809 4681 1978 4734 quam
2004 4664 2316 4734 plurimum
2355 4666 2604 4720 seribere.

531 4751 555 4785 ⁶
589 4751 685 4805 Or.
712 4754 833 4807 123.

531 4839 553 4874 ⁷
592 4841 671 4894 De
709 4842 889 4894 doctr.
930 4841 1061 4894 Chr.
1091 4842 1179 4895 IV
1218 4843 1269 4906 3,
1306 4843 1357 4895 4.
