3567 5109
1549 337 2023 400 —167—

775 537 854 591 70
902 527 1006 590 Ize‘c'
1053 527 1288 608 Andre,
1335 527 1440 593 ille
1485 526 1703 606 Same,
1754 527 1855 590 hic
1910 527 1961 589 'I
1960 525 2233 592 vallibtw
2280 536 2391 591 aut
2437 526 2807 592 Alabandis

893 631 1228 720 Esquilias
1271 633 1633 722 dic-imaque
1668 641 1899 718 petant
1943 657 1987 696 a
2032 632 2265 698 vimine
2312 632 2547 712 collem,

894 738 1154 802 viscera
1199 761 1579 825 maynarum
1623 737 1919 802 domuum
1960 736 2318 822 dominique
2347 738 2598 824 futuri.

892 841 1228 929 sicyonium
1271 843 1466 924 υεῖυω,
1513 842 1799 908 audac-ia
1834 842 2122 928 perdita,
2171 865 2375 906 sermo

883 956 1221 1033 promptas
1264 958 1322 1012 et
1366 947 1410 1012 I
1409 973 1556 1014 saco
1603 948 1970 1013 tow-remim.
2021 946 2177 1026 Ede,
2224 947 2379 1035 qaid
2428 946 2603 1011 illum

777 1061 854 1117 75
903 1075 1038 1118 esse
1074 1056 1312 1139 putes?
1367 1052 1665 1126 Quemvis
1709 1054 2017 1116 hominem
2063 1073 2278 1116 secum
2322 1051 2534 1116 attulit
2574 1051 2668 1116 ad
2714 1075 2859 1116 nos:

896 1158 1379 1243 grammaticus,
1425 1157 1660 1236 rhetor,
1707 1165 2071 1244 geometres,
2108 1157 2350 1241 pictor,
2396 1155 2649 1242 aliptes,

893 1285 1132 1348 (caym,
1179 1262 1636 1343 schoenobates,
1680 1262 1979 1342 ‘medic-as,
2026 1284 2278 1346 Μαρίας
2324 1262 2537 1326 onmia
2584 1261 2754 1326 nov-it

898 1365 1266 1432 Graeculus
1305 1367 1634 1443 'esua-icum
1681 1368 1748 1430 in
1795 1363 2053 1446 caelum,
2100 1366 2390 1445 iusseris,
2434 1365 2565 1430 ibit.

893 1471 977 1536 In
1025 1495 1268 1536 memma
1313 1493 1438 1536 non
1483 1471 1768 1535 Mam-us
1814 1479 1955 1534 erat
2002 1493 2193 1555 neque
2239 1468 2551 1535 Sarmata
2598 1492 2711 1536 ‘nec
2768 1470 2985 1534 Thraae

762 1587 840 1642 80
889 1577 996 1661 qui
1027 1579 1296 1662 mtvnpsit
1331 1578 1602 1662 pinnas,
1647 1575 1873 1640 mediis
1919 1573 2031 1638 sed
2075 1586 2269 1640 natus
2314 1575 2598 1641 Athenis.

719 1794 840 1850 114
891 1787 974 1849 Et
1019 1787 1316 1874 qnoniam
1361 1787 1561 1871 coepit
1611 1786 2003 1850 Graecarum
2049 1787 2295 1858 mentiO,
2346 1786 2559 1850 trans-1⁰-

725 1903 844 1957 115
891 1893 1225 1976 gymnasia,
1272 1900 1456 1976 atque
1501 1889 1658 1955 audi
1685 1889 1967 1977 sae-inus
2010 1891 2282 1954 maim-is
2326 1889 2595 1955 abollae.

895 1994 1150 2060 Sto-icas
1195 1994 1427 2060 occidit
1471 1994 1752 2060 Baream
1800 1993 2052 2059 delatm·
2100 1996 2373 2059 cartica-m

897 2100 1410 2188 discipulamque
1458 2123 1652 2164 senex
1698 2101 1857 2185 ripa
1902 2100 2184 2164 maritas
2228 2101 2298 2162 ‘in
2350 2099 2485 2180 ill«,

900 2207 986 2269 ad
1034 2229 1228 2294 quam
1279 2203 1596 2292 Gom-yones
1640 2205 1907 2290 delapsa
1955 2213 2047 2268 est
2084 2204 2294 2288 pinna
2348 2205 2599 2271 caballi.

643 2366 834 2440 Quos
883 2385 1120 2431 omnes
1164 2384 1405 2430 versus
1455 2368 1678 2431 obiter
1723 2367 2065 2446 perlectos
2117 2367 2205 2427 ad
2254 2365 2549 2429 Graecos
2598 2369 2787 2447 ipsos
2839 2375 3145 2447 spectare

433 2472 650 2534 videri
718 2491 1134 2552 quamquam
1200 2491 1338 2535 non
1406 2492 1605 2551 nego,
1670 2480 1898 2534 tamen
1968 2475 2350 2534 accuratius
2398 2475 2819 2550 perquisitos
2872 2491 3011 2535 non
3061 2474 3149 2536 ad

435 2579 747 2640 homines
823 2596 906 2640 ex
973 2577 1258 2641 Graecia
1323 2585 1543 2654 natue,
1609 2596 1783 2657 quos
1832 2576 2133 2639 Graecos
2180 2583 2364 2639 recte
2410 2594 2755 2652 vocamus,
2802 2580 3149 2656 pertinere

434 2683 600 2744 mihi
662 2686 987 2762 persuasi,
1052 2680 1174 2746 sed
1239 2682 1324 2744 ad
1389 2678 1895 2745 multitudinem
1961 2683 2145 2744 illam
2201 2687 2351 2744 toto
2416 2699 2501 2744 ex
2550 2685 2813 2744 oriente
2861 2683 3145 2746 Romam

433 2787 914 2864 confluentem,
961 2807 1141 2869 quae
1181 2805 1337 2850 cum
1371 2787 1627 2851 Graece
1660 2787 2079 2865 loqueretur,
2116 2781 2355 2847 Graeci
2398 2787 2887 2867 appellabatur,
2921 2805 3152 2867 quam-

437 2909 640 2971 quam
706 2892 861 2954 illos
928 2895 1237 2956 homines
1303 2910 1442 2955 non
1509 2893 1826 2968 Graecos,
1882 2892 2005 2954 sed
2062 2891 2363 2954 Graecos
2409 2899 2475 2954 et
2522 2893 2890 2955 orientales
2937 2891 3149 2955 fuisse

435 2996 801 3060 dicendum
867 3005 987 3061 est.
1051 2996 1182 3070 Qui
1249 3015 1403 3061 cum
1478 2999 1680 3060 huius
1742 2999 2018 3076 generis
2086 2999 2395 3059 homines
2464 2995 2764 3060 Graecos
2832 2998 3148 3077 appellet,

434 3121 505 3164 se
571 3103 847 3165 Graecis
914 3100 1434 3165 infestissimum
1497 3119 1647 3164 esse
1713 3101 2035 3176 affirmat,
2100 3103 2159 3162 is
2226 3118 2364 3162 non
2412 3099 2833 3165 Graecorum
2902 3102 3146 3178 solum,

437 3207 558 3271 sed
609 3211 812 3271 etiam
863 3207 1295 3270 orientalium
1341 3205 1659 3270 inimicus
1709 3225 1858 3270 esse
1922 3206 2266 3286 putandus
2316 3211 2434 3268 est.
2500 3206 2583 3268 Id
2630 3223 2785 3268 cum
2832 3207 3147 3269 versibus

433 3313 722 3394 prolatis
770 3315 1140 3375 convenire
1187 3312 1506 3376 arbitror.
1571 3311 1911 3375 Iuvenalis
1960 3313 2156 3385 enim,
2204 3329 2357 3374 cum
2406 3329 2477 3374 se
2521 3309 2857 3374 Graecam
2907 3310 3145 3375 urbem

433 3416 616 3480 ferre
649 3436 788 3480 non
821 3434 1025 3496 posse
1061 3416 1256 3492 dicat,
1288 3419 1356 3478 in
1383 3415 1685 3480 Graecos
1719 3417 1911 3479 solos
1944 3417 2170 3478 invehi
2199 3415 2569 3491 videretur,
2590 3417 2722 3477 nisi
2754 3417 2918 3478 haec
2938 3416 3147 3479 verba

433 3525 566 3584 iam
631 3523 969 3584 sententia
1034 3521 1152 3584 illa
1201 3497 1498 3606 qaamvie
1563 3529 1755 3606 quota
1792 3518 2015 3603 portio
2042 3518 2265 3603 faecis
2312 3515 2601 3582 Achaei?
2649 3524 3146 3600 exciperentur.

432 3625 628 3689 Unde
694 3644 850 3689 eum
915 3643 1053 3689 uon
1119 3627 1343 3689 solum
1393 3626 1692 3690 Graecos
1739 3629 1949 3705 ipSOS,
2014 3625 2135 3689 sed
2183 3626 2387 3687 etiam·
2453 3625 2823 3688 orientales
2872 3628 2987 3704 qui
3034 3646 3149 3690 vo-

433 3738 692 3804 cantur,
761 3737 1073 3812 spectare
1140 3730 1576 3794 manifestum
1643 3737 1776 3805 est;
1848 3730 2038 3809 quod
2086 3728 2539 3793 confirmatur
2602 3747 2805 3794 versu
2855 3733 2968 3791 62:
3018 3727 3147 3791 iam

427 3831 674 3914 pridem
727 3831 930 3917 Syrus
981 3832 1053 3896 in
1117 3831 1387 3897 Tiberim
1441 3831 1706 3916 defluaeit
1767 3830 2048 3897 Orontes,
2112 3834 2373 3897 Deinde
2433 3835 2502 3896 in
2560 3852 2618 3896 v.
2668 3839 2749 3894 70
2773 3852 2921 3915 sqq.
2980 3855 3147 3899 non-

436 3939 662 4003 nullae
709 3939 917 4003 urbes
964 3943 1419 4019 regionesque
1469 3946 1535 4002 et
1578 3943 1646 4002 in
1683 3939 1964 4002 Graecia
2010 3942 2162 4019 ipsa
2210 3946 2277 4002 et
2323 3939 2395 4000 in
2426 3941 2686 4002 oriente
2730 3940 2897 4001 sitae
2930 3944 3146 4003 nomi-

433 4051 703 4108 nantur.
749 4047 972 4124 Atque
1019 4061 1263 4108 versus
1309 4050 1389 4105 74
1441 4045 1528 4107 ad
1575 4046 1909 4107 orientem
1958 4050 2235 4106 revocat
2266 4045 2598 4124 legentes;
2645 4043 2917 4106 Isaeum
2966 4049 3145 4108 enim

431 4155 499 4215 in
549 4151 826 4233 Assyria
872 4155 1110 4213 natum
1169 4165 1316 4212 esse
1363 4150 1821 4213 Philostratus
1888 4150 1973 4227 (ν.
2031 4149 2235 4228 Soph.
2285 4148 2318 4211 1
2366 4149 2477 4228 20)
2544 4155 2788 4211 auctor
2834 4155 2952 4213 est.
3017 4151 3144 4215 Ita-

433 4275 566 4336 que
633 4250 986 4316 Graeculus
1047 4256 1118 4317 in
1177 4274 1238 4318 v,
1306 4259 1385 4316 78
1435 4274 1571 4318 non
1619 4257 1827 4317 homo
1876 4273 2035 4317 vere
2085 4253 2407 4332 GraecuS‚
2456 4253 2578 4316 sed
2625 4256 2974 4317 orientalis
3022 4261 3145 4318 est.

430 4360 778 4424 Iuvenalis
845 4366 1072 4423 autem
1140 4359 1248 4422 his
1315 4361 1635 4422 omnibus
1701 4360 2015 4423 versibus
2066 4359 2149 4421 de
2193 4359 2471 4422 Graecis
2520 4358 2705 4434 solie,
2756 4359 2838 4422 de
2888 4359 3141 4438 quibus

432 4467 703 4528 initium
771 4465 1028 4529 fecerat
1077 4464 1449 4545 disputare,
1514 4465 1682 4527 nihil
1747 4465 1889 4526 fere
1958 4464 2244 4526 dixerat.
2311 4463 2410 4525 Ne
2458 4465 2585 4526 alia
2632 4465 2847 4543 igitur
2891 4482 3142 4545 propo-

433 4575 627 4633 neret
674 4587 884 4650 quam
931 4587 1107 4650 quae
1153 4571 1605 4650 promisisset,
1651 4571 1757 4631 his
1804 4568 2119 4632 versibus
2168 4569 2515 4632 adiunxit:

746 4707 827 4772 In
873 4729 1116 4771 samma
1163 4730 1286 4772 non
1333 4707 1616 4790 Mamm
1661 4716 1800 4770 erat
1844 4727 2046 4794 neque
2094 4704 2396 4770 Sarmata
2440 4728 2550 4770 nec
2606 4705 2829 4770 Thrau-

749 4812 863 4902 qui
906 4813 1174 4899 sumpsit
1210 4815 1478 4898 pinnae,
1526 4811 1748 4877 mediis
1792 4810 1907 4876 sed
1954 4818 2140 4876 natas
2186 4809 2463 4880 Athenis.
