3567 5109
1712 284 2153 345 -50-

574 501 717 581 ἶνμῖν
761 501 917 580 μήτε
963 499 1217 579 ἐμαυτῷ
1266 497 1524 579 ἔμελλον
1568 496 1769 579 μηὸὲν
1817 496 2047 577 ὄφελος
2093 496 2262 567 εἶναι,
2311 496 2408 557 ἐπὶ
2459 496 2526 557 δὲ
2573 494 2641 557 τὸ
2689 495 2814 575 ἰδίᾳ
2869 495 3131 557 ἕκαστον
3177 493 3301 555 ἰὼν

570 608 905 687 εὐεργετεῖν
960 605 1069 687 τὴν
1122 606 1413 686 μεγίστην
1458 606 1830 685 εὐεργεσίαν,
1879 604 1972 672 ὡς
2019 605 2146 685 ἐγώ
2194 626 2376 685 φημι,
2425 604 2755 684 ἐπιχειρῶν
2799 603 3062 664 ἕκαστον
3112 602 3302 681 ὑμῶν

567 714 805 775 πείθειν
858 714 947 794 μὴ
1006 712 1313 793 πρότερον
1366 714 1521 793 μήτε
1577 717 1704 774 τῶν
1763 712 1988 773 ἑαυτοῦ
2042 710 2320 792 μηδενὸς
2374 709 2811 791 ἐπιμελεῖσθαι,
2865 707 3013 789 πρὶν
3066 709 3298 771 ἑαυτοῦ

568 819 989 901 ἐπιμεληθείη,
1054 820 1235 887 ὅπως
1290 819 1383 887 ὡς
1437 818 1742 900 βέλτιστος
1801 818 1905 880 καὶ
1971 819 2448 899 φρονιμώτατος
2511 818 2729 888 ἔσοιτο,
2793 817 2950 897 μήτε
3004 820 3132 878 τῶν
3187 821 3300 895 τῆς

567 928 832 998 πόλεως,
878 925 1025 1007 πρὶν
1069 926 1262 1007 αὐτῆς
1306 932 1413 1007 τῆς
1458 926 1722 997 πόλεως,
1770 930 1898 987 τῶν
1935 948 1996 987 τε
2033 924 2242 987 ἄλλων
2279 925 2447 987 οὕτω
2494 924 2652 985 κατὰ
2689 922 2796 985 τὸν
2832 922 3025 985 αὐτὸν
3059 921 3302 1003 τρόπον

569 1034 1005 1115 ἐπιμελεῖσθαι.
1052 1031 1389 1113 Imprimis
1419 1030 1661 1111 dialogi
1700 1030 1852 1093 finis
1883 1028 2276 1093 documento
2309 1035 2410 1092 est
2445 1028 2564 1092 has
2603 1028 2960 1091 sententias
2991 1026 3298 1109 scriptori

570 1160 703 1202 non
752 1138 1013 1219 ignotas
1060 1137 1287 1201 fuisse.

782 1244 929 1307 Iam
977 1244 1063 1307 ad
1107 1244 1288 1325 ipsos
1335 1243 1517 1307 locos
1562 1244 1944 1307 tractandos
1993 1244 2348 1321 veniamus,
2401 1263 2564 1325 quos
2601 1244 2678 1320 is,
2729 1243 2838 1324 qui
2879 1240 3297 1305 Alcibiadem

571 1372 939 1415 sermonem
988 1351 1397 1433 conscripsit,
1447 1350 1741 1413 imitatus
1789 1356 1906 1413 est.
1993 1347 2435 1413 Gravissimus
2488 1348 2752 1432 quidem
2803 1355 2904 1412 est
2947 1347 3058 1412 ille
3105 1346 3300 1411 locus

568 1457 859 1539 Legum
908 1455 1116 1521 959A
1163 1478 1317 1539 seq.,
1368 1478 1561 1539 quem
1599 1478 1802 1538 supra
1849 1456 2205 1521 attulimus
2281 1456 2492 1520 Nobis
2541 1457 2804 1539 quidem
2851 1455 3298 1539 persuasimus

570 1563 969 1645 singularem
1034 1562 1217 1627 issam
1282 1565 1696 1642 sententiam,
1766 1586 1934 1645 quae
1982 1585 2309 1645 nusquam
2358 1565 2714 1627 invenitur:
2773 1563 3103 1627 hominem
3151 1582 3296 1625 esse

571 1673 880 1747 animum,
950 1670 1077 1734 nisi
1142 1692 1223 1733 ex
1278 1670 1394 1734 illo
1444 1670 1589 1734 loco
1650 1669 1818 1735 falso
1865 1670 2202 1735 intellecto
2251 1670 2565 1753 explicari
2621 1692 2756 1735 non
2803 1690 3026 1752 posse3
3094 1675 3296 1749 atque

570 1779 733 1842 adeo
774 1779 1157 1859 scriptorem
1196 1777 1318 1841 sibi
1360 1778 1693 1841 conscium
1724 1777 1928 1841 fuisse
1959 1799 2028 1841 se
2059 1777 2246 1841 illum
2274 1777 2493 1841 locum
2520 1800 2655 1841 non
2685 1783 2864 1841 recte
2893 1774 3295 1840 intellexisse

570 1886 943 1968 opinamur3
1020 1906 1172 1949 nam
1240 1906 1637 1967 quamquam
1701 1908 1761 1967 p.
1817 1884 2018 1949 1300
2077 1885 2332 1949 dixerat
2393 1886 2724 1949 hominem
2781 1906 2922 1948 esse
2979 1884 3292 1959 animum,

568 1999 788 2055 tamen
838 1989 1033 2073 paulo
1084 1999 1235 2073 post
1280 1992 1403 2079 (D)
1452 1992 1637 2056 dicit:
1697 1995 1773 2056 οὗ
1835 1995 1954 2075 γάρ
2007 2018 2134 2056 που
2191 1995 2576 2075 κυριώτερόν
2633 2018 2700 2075 γε
2747 1992 2934 2057 οὐδὲν
2979 1995 3058 2055 ἂν
3105 1994 3298 2073 ἡμῶν

568 2101 781 2162 αὐτῶν
836 2101 1153 2181 φήσαιμεν
1210 2104 1247 2182 ἢ
1304 2101 1415 2181 τὴν
1474 2102 1701 2182 ψυχήν,
1773 2098 1950 2181 quod
2018 2120 2098 2161 ex
2161 2100 2490 2164 sententia
2555 2100 2730 2163 idem
2795 2105 2912 2176 est,
2979 2097 3158 2181 quod
3221 2096 3294 2159 in

568 2204 857 2287 Legibus
896 2205 1151 2269 dicitur.
1200 2206 1554 2269 Praeterea
1601 2205 1830 2269 eadem
1871 2205 2312 2270 conclusionis
2353 2206 2550 2269 verba
2597 2212 2847 2270 mutato
2896 2203 3091 2268 verbo
3139 2206 3294 2268 εἶναι

570 2313 638 2375 in
686 2314 1048 2393 συμβαίνειν
1094 2332 1331 2393 magno
1382 2318 1768 2394 argumento
1819 2332 1960 2375 esse
2011 2314 2142 2377 iam
2190 2313 2486 2377 diximus.
2555 2312 2742 2395 Quae
2785 2312 3006 2375 omnia
3043 2312 3098 2373 si
3136 2331 3293 2373 con-

569 2418 1089 2496 sideraveriniuS‚
1142 2418 1429 2483 dubitari
1466 2442 1601 2484 non
1640 2440 1834 2502 posse
1863 2426 2188 2501 putamus,
2242 2421 2404 2503 quin
2445 2421 2727 2502 scriptor
2763 2417 3136 2483 Alcibiadis
3173 2415 3292 2480 illo

568 2524 715 2589 loco
763 2546 919 2589 usus
966 2526 1065 2589 sit.
1163 2524 1327 2591 Cum
1387 2548 1537 2591 vero
1587 2527 1800 2609 Leges
1853 2525 2151 2591 ultimum
2199 2548 2362 2609 opus
2409 2526 2612 2591 fuisse
2659 2548 2874 2610 neque
2922 2547 2962 2589 a
3007 2525 3292 2589 Platone

570 2631 891 2714 expolitas
956 2653 1096 2695 esse
1163 2639 1421 2697 constet
1483 2640 1549 2697 et
1592 2632 1966 2699 Alcibiadis
2022 2634 2319 2716 scriptor,
2390 2635 2502 2717 qui
2549 2635 2760 2717 Leges
2820 2634 2948 2697 iam
2996 2638 3290 2707 noverat,

569 2740 939 2803 necessario
978 2746 1133 2821 post
1166 2738 1380 2821 Leges
1420 2741 1553 2803 sive
1592 2748 1745 2822 post
1782 2740 2082 2805 Platonis
2119 2748 2396 2806 mortem
2436 2740 2768 2823 dialogum
2807 2741 3293 2822 conscripserit,

566 2848 699 2911 iam
766 2846 931 2910 alios
998 2846 1309 2911 librorum
1356 2847 1659 2913 Platonis
1724 2847 1910 2913 locos
1959 2848 2218 2913 adferre
2277 2870 2648 2931 possumuS,
2717 2848 2953 2930 quibus
3001 2848 3298 2911 imitator

568 2954 677 3017 ille
728 2976 883 3017 usus
932 2960 1045 3017 est.

784 3062 1185 3143 Scriptorem
1232 3064 1430 3126 etiam
1479 3062 1779 3126 Platonis
1819 3062 2005 3126 Rem
2043 3061 2438 3144 publicam
2485 3062 2818 3144 cognitam
2863 3060 3172 3125 habuisse
3213 3082 3296 3124 cx

568 3167 1012 3251 compluribus
1058 3168 1253 3232 rebus
1303 3170 1739 3252 cognoscitur.
1792 3168 1894 3233 Ac
1940 3170 2220 3251 primum
2261 3171 2524 3252 quidem
2563 3175 2874 3252 quattuor
2910 3168 3064 3233 illae
3101 3189 3294 3250 prae-

568 3277 798 3357 cipuae
848 3276 1137 3353 virtuteS,
1188 3277 1423 3359 quibus
1470 3278 1539 3340 in
1579 3276 1928 3340 Alcibiade
1968 3298 2154 3357 reges
2183 3276 2535 3340 Persarum
2574 3277 3006 3340 instituuntur
3041 3276 3129 3359 (p.
3164 3277 3292 3339 121

568 3385 749 3466 seq.),
801 3404 933 3446 una
983 3384 1372 3447 coniunctae
1420 3384 1699 3466 primum
1738 3386 1808 3448 in
1847 3382 1977 3447 illis
2017 3383 2199 3447 libris
2237 3383 2428 3447 nobis
2468 3390 2837 3447 occurrunt.
2888 3382 3065 3447 Sane
3094 3382 3294 3447 Plato

569 3496 767 3553 antea
803 3491 872 3552 in
912 3488 1187 3572 singulis
1228 3490 1506 3571 dialogis
1546 3490 1840 3573 singulas
1879 3492 2150 3555 virtutes
2189 3496 2603 3568 tractaverat,
2653 3490 2770 3553 sed
2798 3491 2866 3553 in
2897 3489 2996 3553 Re
3025 3487 3292 3571 publica

566 3598 829 3660 demum
860 3602 1169 3677 quattuor
1197 3596 1346 3661 illas
1377 3599 1649 3661 virtutes
1681 3598 2196 3680 comprehendit.
2258 3598 2336 3663 In
2365 3599 2736 3679 Protagora
2763 3598 2939 3661 enim
2970 3599 3057 3680 (p.
3087 3597 3294 3662 330E

570 3706 776 3785 seqq.)
844 3703 1097 3767 accedit
1161 3705 1391 3787 quinta
1457 3706 1670 3786 pietas
1736 3706 2054 3788 (ὁσιότης),
2126 3727 2291 3787 quae
2357 3706 2426 3770 in
2493 3704 2972 3788 Euthyphrone
3038 3725 3156 3787 per
3222 3725 3293 3767 se

566 3817 913 3890 tractatur;
980 3812 1212 3875 eodem
1279 3812 1471 3875 modo
1540 3833 1643 3875 res
1710 3834 1777 3875 se
1837 3812 2038 3876 habet
2092 3814 2160 3876 in
2217 3812 2421 3877 Lach.
2481 3834 2541 3894 p.
2583 3812 2787 3877 199D
2847 3818 2912 3875 et
2967 3812 3036 3875 in
3085 3808 3294 3893 Gorg.

568 3940 632 3999 p.
666 3920 793 3985 507
810 3915 885 3995 C,
936 3918 1047 3982 ubi
1094 3920 1163 3982 in
1211 3919 1533 3983 modestia
1580 3920 1779 3983 etiam
1828 3920 2156 4000 sapientia
2201 3921 2416 3983 inesse
2467 3918 2740 3983 videtur.
2787 3918 3174 4001 Xenophon
3219 3920 3296 3983 in

566 4024 842 4089 Memor.
900 4024 1001 4091 IV
1060 4028 1099 4089 6
1164 4027 1504 4107 pietatem,
1572 4026 1918 4104 iustitiam,
1995 4026 2412 4107 sapientiam,
2488 4025 2940 4089 fortitudinem
3009 4046 3293 4089 comme-

570 4138 800 4209 morat,
843 4132 1233 4213 sapientiam
1273 4140 1491 4196 antem
1531 4138 1598 4196 et
1634 4133 2024 4196 modestiam
2061 4153 2196 4196 non
2229 4132 2486 4196 differre
2521 4132 2680 4196 dicit
2718 4132 2944 4217 (Mem.
2973 4132 3086 4196 ΙΠ
3117 4136 3177 4210 9,
3205 4134 3293 4214 4).

568 4240 651 4303 111
698 4239 822 4303 Rei
872 4238 1044 4321 publ.
1092 4238 1131 4303 l.
1180 4238 1291 4303 ΙΙΙ
1339 4240 1535 4306 4020
1584 4247 1649 4303 et
1686 4238 1952 4303 Theaet.
1997 4239 2194 4303 176ss
2243 4240 2435 4304 Plato
2474 4260 2610 4304 non
2646 4239 2717 4304 id
2755 4240 2912 4321 agit,
2953 4245 3027 4302 ut
3063 4260 3294 4303 omnes

567 4348 841 4410 virtutes
891 4346 1277 4425 cardinales,
1328 4354 1401 4411 ut
1436 4348 1531 4411 ita
1569 4347 1802 4425 dicam,
1853 4348 2236 4411 enumeret.¹
2281 4346 2517 4429 Itaque
2557 4368 2702 4409 cum
2733 4346 2910 4428 apud
2939 4344 3296 4409 Platonem

570 4460 882 4534 quattuor
946 4453 1096 4517 illae
1164 4455 1433 4518 virtutes
1500 4455 1629 4518 nisi
1682 4454 1753 4517 in
1811 4454 1936 4517 Rei
1993 4452 2167 4535 publ.
2226 4453 2264 4518 l.
2315 4453 2416 4519 IV
2465 4476 2791 4535 nusquam
2847 4452 3292 4531 inveniantur,

568 4560 939 4623 necessario
988 4561 1299 4641 sequitur,
1350 4568 1423 4625 ut
1470 4562 1749 4644 scriptor
1788 4582 1868 4624 ex
1903 4561 2028 4624 hoc
2077 4562 2220 4644 ipso
2269 4560 2434 4624 libro
2476 4564 2746 4625 virtutes
2794 4559 2944 4623 illas
2985 4560 3294 4642 depromf

784 4788 803 4823 ²
843 4790 1002 4841 Conf.
1040 4790 1240 4857 Zeller,
1282 4790 1485 4843 Philos.
1526 4791 1721 4845 Graec.
1762 4793 1872 4847 (cd.
1915 4792 2032 4846 ΙΙΙ)
2073 4792 2134 4845 11
2180 4796 2205 4847 1
2247 4812 2298 4861 p.
2333 4795 2434 4847 '548
2475 4792 2663 4845 adnot.
2697 4794 2746 4845 2.
