3567 5109
1431 294 1861 399 —45⁴-

294 526 472 589 Eum
513 528 616 589 sic
663 543 914 590 sanare
961 527 1196 589 studet
1245 523 1336 607 (p.
1382 526 1530 605 27):

1005 659 1188 710 parvo
1227 660 1330 711 per
1366 648 1540 699 itiner
1581 661 1712 699 aere
1747 650 2093 701 conductum
2131 649 2303 713 sedet,

295 752 486 815 Haec
575 751 786 814 lectio
899 770 1055 816 cum
1147 758 1470 817 accentus
1559 758 1710 816 tum
1810 755 2119 817 elisionis
2212 772 2421 817 causa
2516 790 2591 799 -
2691 773 2850 818 nam
2938 757 3009 817 in

291 858 772 939 compluribus
836 858 1154 921 versibus
1221 859 1424 939 (XXI,
1475 862 1628 936 201;
1693 860 1931 938 XXIV,
1996 865 2154 939 4073
2223 861 2379 938 707)
2449 860 2877 942 synaloephe
2937 860 3009 923 in

294 980 578 1026 caesura
643 968 872 1026 exstat
915 998 1002 1009 -
1045 962 1506 1044 praeferenda
1573 970 1680 1027 est
1739 966 2041 1042 lectioni,
2127 982 2337 1044 quam
2400 968 2473 1026 in
2539 963 2845 1027 editione
2910 966 3011 1027 in-

293 1070 644 1132 venimus:

941 1186 1125 1236 parvo
1163 1187 1267 1238 per
1303 1175 1412 1225 iter
1447 1175 1624 1225 breve
1662 1187 1794 1225 aere
1830 1174 2171 1225 conductum
2208 1148 2377 1227 sedet.

1311 1436 1384 1519 2.
1439 1436 1546 1519 De
1603 1436 1977 1524 caesuris

1077 1625 1172 1697 A.
1219 1624 1332 1697 De
1378 1626 1722 1699 caesuris
1767 1625 2225 1699 hexametri.

503 1820 608 1883 De
657 1821 966 1885 caesuris
1006 1822 1394 1887 hexametri
1444 1841 1600 1885 cum
1650 1830 1931 1887 acturus
1981 1840 2153 1899 sum,
2208 1840 2347 1885 non
2398 1841 2626 1886 meum
2659 1840 2809 1886 esse
2842 1830 3012 1903 puto

295 1923 578 1988 adferre
643 1924 960 1991 diversas
1025 1926 1423 2000 sententiaa,
1491 1945 1666 2008 quas
1733 1928 1819 1991 de
1885 1927 1969 1990 iis
2034 1926 2173 1990 viri
2237 1925 2424 1990 docti
2471 1936 3014 2008 proposuerunt.

307 2028 479 2092 Nam
510 2036 756 2093 nostro
788 2032 940 2096 iure
970 2051 1231 2113 ponere
1262 2050 1636 2113 possumus
1656 2032 2030 2096 Paulinum
2058 2033 2130 2094 in
2164 2032 2292 2094 hac
2320 2050 2401 2094 re
2434 2050 2581 2095 eam
2615 2035 3014 2113 amplexum

310 2152 462 2197 esse
509 2136 870 2216 rationem,
919 2156 1127 2219 quam
1173 2140 1524 2202 Ausonius
1571 2139 1642 2202 in
1675 2138 2000 2201 versibus
2033 2137 2535 2217 componendis
2582 2144 2861 2200 secutus
2892 2143 3017 2201 est.

308 2238 444 2311 Qui
537 2242 688 2305 eius
770 2243 1021 2307 doctor
1100 2246 1174 2307 in
1265 2243 1699 2325 praefatione
1802 2243 2115 2307 centonis
2217 2241 2548 2321 nuptialis
2640 2242 2762 2305 has
2852 2260 3014 2305 enu-

308 2352 536 2407 merat
619 2364 944 2412 caesuras
964 2348 1046 2429 ¹):
1141 2346 1608 2434 szfinduntur
1685 2354 1896 2409 autem
1964 2368 2097 2431 per
2178 2366 2479 2408 caesuras
2549 2365 2778 2425 mnnes,
2861 2366 3017 2429 quas

305 2448 538 2531 recipit
578 2469 796 2512 versus
839 2450 1144 2531 heroicus,
1191 2447 1520 2515 convenire
1565 2459 1636 2513 ut
1674 2452 1875 2535 possit
1916 2458 2031 2512 aut
2071 2446 2575 2533 penthemimeris
2606 2470 2746 2515 cum
2774 2447 3015 2535 reliquo

303 2554 720 2637 anapaestico
783 2564 900 2619 aut
951 2554 1262 2619 trochaice
1315 2578 1456 2619 cum
1500 2556 1849 2641 posteriore
1892 2563 2197 2639 seqmento
2241 2563 2358 2617 aut
2398 2561 2631 2639 septem
2674 2552 3018 2639 semipedes

305 2677 450 2719 cum
492 2660 907 2744 anapaestico
953 2659 1198 2725 chorico
1243 2671 1360 2724 aut
1391 2714 1404 2726 .
1446 2714 1458 2726 .
1491 2716 1503 2726 .
1537 2715 1549 2727 .
1583 2715 1595 2726 .
1639 2668 1782 2744 post
1828 2657 2158 2745 dactylum
2196 2667 2381 2743 atque
2412 2656 2787 2743 semipedem
2834 2657 3015 2743 quid-

308 2760 464 2844 quid
523 2773 717 2827 restat
779 2766 1150 2831 hexametro,
1215 2768 1324 2831 Ex
1390 2768 1642 2849 quibus
1696 2767 1937 2831 verbis
1992 2767 2215 2847 liquet
2269 2766 2789 2829 distinctionem
2838 2766 3017 2846 ‘post

308 2868 663 2951 dactylum
710 2877 919 2952 atque
951 2871 1398 2953 semipedem’
1447 2877 1728 2952 praeter
1782 2872 2353 2951 semiquinariam
2400 2877 2467 2933 et
2523 2871 3014 2949 semiseptena-

307 2974 488 3036 riam
533 2974 781 3039 haberi
827 2975 1014 3039 inter
1062 2995 1195 3055 eaS,
1244 2994 1415 3057 quas
1460 2976 1752 3057 recipiat
1799 2992 2044 3039 versus
2090 2974 2436 3037 heroicus.
2482 2973 2727 3051 Quare,
2782 2978 2858 3036 ut
2903 2992 3019 3037 res

305 3076 438 3140 fiat
459 3080 848 3159 perspicua,
869 3080 1230 3144 materiam
1252 3082 1324 3143 in
1357 3081 1812 3161 sequentibus
1846 3082 1945 3143 ita
1978 3078 2364 3161 disponam,
2385 3083 2461 3140 ut
2481 3078 2782 3157 primum
2817 3096 3015 3157 agam

310 3181 398 3244 de
441 3183 783 3262 versibus,
831 3184 1087 3264 quibus
1135 3190 1241 3249 est
1273 3204 1542 3245 caesura
1571 3182 2053 3267 semiquinaria,
2101 3181 2353 3246 deinde
2384 3182 2470 3244 de
2501 3181 2848 3260 versibuS,
2901 3186 3021 3264 qui

311 3286 645 3351 exhibent
706 3285 1077 3349 incisionem
1132 3296 1275 3370 post
1337 3288 1520 3350 arsin
1593 3284 1860 3349 alteram
1922 3294 1979 3348 et
2037 3285 2219 3347 arsin
2282 3292 2579 3367 quartam
2632 3282 2858 3347 addita
2904 3294 3020 3347 aut

311 3388 544 3451 omissa
596 3388 992 3454 distinctione
1043 3400 1194 3477 post
1237 3390 1603 3456 trochaeum
1648 3392 1921 3469 tertium,
1981 3392 2278 3471 denique
2327 3390 2414 3453 de
2458 3388 2678 3449 ceteris
2720 3386 3019 3455 versibus.

523 3495 841 3577 Cognitis
888 3498 1073 3561 enim
1117 3498 1403 3578 regulis,
1452 3498 1834 3561 secundum
1882 3515 2057 3578 quas
2103 3495 2439 3557 Paulinus
2486 3494 2821 3557 maiorem
2868 3513 3017 3558 ver-

311 3618 516 3663 suum
561 3620 930 3666 numerum
977 3604 1390 3683 condiderit,
1440 3603 1718 3667 facilius
1763 3601 2082 3679 elucebit,
2131 3618 2311 3680 quae
2343 3616 2635 3662 caesura
2666 3600 2736 3662 in
2769 3601 3020 3663 ceteris

311 3706 636 3770 versibus
683 3726 770 3772 ex
817 3716 1047 3773 mente
1093 3708 1372 3773 Paulini
1421 3715 1544 3773 aut
1589 3707 1995 3789 principalis
2036 3711 2155 3769 aut
2188 3704 2611 3768 subsidiaria
2664 3712 2781 3767 aut
2827 3703 3020 3766 nulla

309 3810 629 3875 habenda
677 3815 785 3875 sit.

522 3915 827 3981 Caesura
873 3920 1089 4000 igitur
1135 3921 1757 4000 semiquinaria,
1808 3935 2018 3998 quam
2069 3916 2283 3979 ceteri
2330 3916 2581 3995 poetae
2644 3913 2872 3976 Latini
2946 3918 3023 3975 ut

312 4020 816 4101 elegantiorem
863 4044 1114 4105 magna
1163 4044 1318 4089 cum
1366 4043 1535 4089 cura
1583 4025 1971 4099 coluerunt,
2021 4021 2356 4101 Paulinus
2389 4036 2667 4099 quoque
2715 4018 3023 4081 omnium

312 4125 526 4206 longe
588 4126 972 4207 plurimum
1022 4129 1270 4209 utitur3
1325 4127 1556 4193 5470¹⁶⁸
1611 4131 1795 4193 enim
1859 4127 2135 4206 legitur.
2210 4125 2359 4186 Iam
2416 4124 2806 4186 accuratius
2873 4122 3023 4184 eius

313 4228 618 4294 formam
668 4231 1052 4314 explicabo·
2774 4246 2781 4255 '

520 4336 748 4417 Atque
810 4341 1198 4404 sententiae
1260 4340 1874 4415 intermissionem,
1923 4353 2131 4417 quam
2197 4332 2459 4414 optime
2523 4350 2681 4393 cum
2736 4348 3023 4395 caesura

311 4440 647 4521 coniungi
735 4444 888 4524 ipsa
979 4445 1120 4509 fert
1210 4453 1478 4522 natura,
1570 4460 1909 4525 persaepe
1998 4442 2071 4502 in
2163 4438 2271 4501 his
2363 4436 2793 4500 carminibus
2870 4454 3023 4497 cum

307 4544 846 4623 penthemimeri
889 4567 1313 4616 concurrere
1359 4569 1445 4615 ex
1479 4568 1559 4614 eo
1593 4549 1795 4613 facile
1830 4550 2137 4628 apparet,
2186 4542 2373 4622 quod
2407 4538 2829 4603 MGXVI11¹⁰·
2861 4547 3024 4620 post

519 4749 559 4812 ¹)
599 4750 685 4801 Ex
723 4748 1047 4801 Schenkelii
1082 4748 1333 4798 editione
1370 4759 1424 4808 p.
1467 4744 1566 4794 140
1601 4743 1791 4792 locum
1828 4736 2142 4790 ‘difficilem
2184 4739 2239 4785 et
2262 4734 2415 4785 haud
2455 4732 2631 4782 dubie
2678 4729 3026 4795 corruptum’

309 4838 532 4891 adiero.
