3567 5109
1407 303 1891 368 -183—

281 513 403 578 illa
436 512 684 578 laxiore
723 515 1059 597 parataxis
1088 515 1345 579 ratione
1377 513 1720 596 copulatae
1751 514 1905 579 sint.
1952 513 2037 580 In
2066 511 2691 597 interrogationibus
2722 512 3007 596 obliquis

283 619 550 705 quidem
598 641 856 704 semper
901 620 1036 686 fere
1084 621 1538 686 coniunctivus
1583 623 1933 686 invenitur.
2022 620 2431 686 Indicativus
2488 625 2705 685 autem
2762 627 3003 687 exstat:

279 726 492 792 P226
528 727 696 810 cede,
741 749 1060 812 quorsum
1114 729 1316 793 itiner
1373 728 1660 794 tetinisse
1715 730 1955 793 aiunt?
2014 729 2111 812 (at
2167 729 2252 793 63
2306 729 2368 792 is
2414 733 2795 810 vestrorum,
2860 735 3009 793 uter

277 834 375 899 sit
411 886 426 900 .
471 886 486 900 .
526 835 738 918 cette);
787 831 960 900 A92
1007 834 1172 918 cede,
1219 835 1448 919 ecquid
1492 837 1554 899 ei
1596 835 1985 914 redhostit?,·
2036 837 2159 900 191
2200 837 2289 900 ah
2332 835 2573 914 dubito,
2621 834 2783 919 quid
2826 835 3005 918 aqi-s:

277 963 454 1021 eave,
507 963 590 1006 ne
641 941 720 1006 in
777 943 1042 1006 turbam
1099 948 1154 1006 te
1207 943 1481 1027 implices
1535 963 1761 1007 versus
1818 941 2168 1008 manifesto
2216 962 2353 1006 non
2396 942 2653 1025 integer
2698 946 2827 1022 est3
2877 943 3005 1006 303

279 1048 495 1127 viden,
547 1054 626 1114 ut
679 1055 736 1114 te
789 1049 1077 1134 inpietas
1139 1050 1443 1120 stimulat
1501 1071 1617 1114 nec
1677 1051 1970 1114 moderat
2028 1052 2282 1115 metus?
2350 1049 2614 1132 (contra
2669 1050 2797 1113 608
2854 1049 3009 1113 Non

279 1156 481 1234 vides,
525 1177 726 1240 quam
773 1156 1054 1234 turbam,
1102 1161 1380 1240 quantos
1417 1157 1566 1221 belli
1597 1157 1842 1240 fluctus
1876 1157 2243 1237 concites?),
2294 1157 2423 1220 499
2461 1156 2807 1240 Eaprome,
2847 1155 3011 1238 quid

277 1263 437 1346 fers.
489 1261 762 1328 Talibus
799 1261 964 1328 locis
998 1263 1071 1327 in
1108 1283 1406 1332 sermone
1443 1261 1791 1328 humiliore
1830 1261 2132 1327 omnibus
2168 1261 2573 1346 temporibus
2610 1260 3005 1327 indicativus

283 1367 709 1434 tolerabatur.
786 1368 1160 1452 Vestigium
1218 1370 1608 1452 antiquioris
1656 1376 2025 1435 structurae
2074 1374 2292 1434 exstat
2336 1368 2395 1434 P
2415 1371 2619 1434 5—7:

889 1495 996 1558 Ita
1039 1500 1382 1578 saeptuosa
1425 1493 1701 1559 dictione
1745 1495 1861 1558 abs
1912 1501 1968 1559 te
2016 1493 2230 1576 datu-r,

898 1601 1084 1678 Quod
1126 1602 1496 1666 coniectura
1539 1603 1803 1686 sapiens
1848 1623 2032 1685 aeyre
2075 1601 2361 1666 conticit.-

887 1707 1040 1773 Non
1083 1709 1536 1792 intelleyimus,
1583 1709 1724 1773 nisi
1766 1710 1830 1772 si
1870 1715 2088 1793 aperte
2131 1709 2395 1774 (limeris.

279 1831 539 1898 Similia
592 1831 874 1897 Plautus
931 1832 1327 1916 aliquotiens
1383 1832 1602 1912 habet,
1662 1832 1842 1897 velut
1898 1832 2087 1897 Asin.
2137 1834 2295 1898 390:
2362 1833 2471 1898 Ita
2533 1833 2687 1896 haee
2749 1835 3005 1896 morata

275 1941 489 2004 ianua
531 1945 659 2005 est:
707 1941 1018 2024 extemplo
1061 1941 1409 2005 ianitorem
1454 1941 1709 2017 elamat,
1755 1941 2043 2022 itemque
2082 1939 2428 2004 Terentius
2446 1939 2487 2002 ².
2529 1975 2613 1988 --
2652 1938 3005 2003 Iuncturas

279 2067 456 2126 vern,
496 2046 722 2130 quales
761 2052 942 2112 sunt:
990 2045 1190 2112 P122
1227 2048 1344 2111 abs
1383 2054 1437 2112 te
1473 2067 1603 2128 oro,
1643 2048 1869 2110 minus
1904 2047 2365 2112 inexorabilem
2398 2047 2595 2130 sams,
2632 2047 2759 2111 208
2798 2046 2906 2129 fao
2938 2097 2951 2110 .
2986 2092 3003 2109 .

278 2175 543 2239 operam
587 2154 756 2218 mih-i
797 2155 924 2236 des,
991 2155 1116 2219 281
1166 2155 1274 2238 fac
1315 2207 1328 2220 .
1377 2206 1388 2219 .
1441 2156 1844 2238 respmzdeas,
1910 2175 2008 2236 pr.
2041 2156 2081 2219 4
2128 2175 2310 2218 nunc
2356 2160 2411 2219 te
2456 2154 2745 2236 obtestor,
2812 2154 3005 2218 celere

279 2267 501 2325 sancto
545 2261 820 2325 subveni
863 2261 1168 2341 censorie,
1225 2259 1292 2324 A
1315 2261 1396 2324 95
1445 2283 1525 2326 ne
1571 2262 1778 2342 retice,
1827 2261 2076 2325 obsecro
2092 2263 2121 2324 Ι
2124 2311 2142 2342 ,
2202 2261 2331 2325 304
2376 2281 2524 2325 eave
2569 2261 2824 2342 attiyas,
2874 2261 3004 2324 456

277 2389 427 2432 cave
466 2369 778 2432 lassitudo
810 2419 823 2432 .
862 2419 876 2432 .
907 2389 1179 2432 cursum
1217 2369 1388 2449 levet,
1427 2388 1511 2432 ne
1551 2367 1782 2449 optimi
1824 2367 2087 2450 quidem
2124 2367 2477 2449 scriptores
2517 2366 2876 2449 fugiebant.
2920 2402 3004 2414 —-

278 2473 586 2555 Denique
642 2473 861 2538 locum
907 2473 1227 2553 adferam,
1284 2473 1457 2538 unde
1515 2473 1746 2552 elucet,
1817 2473 2368 2556 quemadmodum
2416 2472 2798 2538 adverbium
2845 2474 3005 2536 dum

281 2579 602 2663 paulatim
649 2581 1023 2645 coniunctio
1071 2579 1249 2645 facta
1296 2581 1410 2660 sit;
1461 2588 1565 2645 est
1610 2587 1831 2644 autem
1876 2577 2199 2664 A395s6:

780 2706 888 2770 Ita
930 2707 1090 2770 dum
1134 2707 1584 2790 interruptum
1629 2707 1851 2770 eredas
1896 2707 2198 2770 ‘m'mbum
2242 2705 2500 2788 volvier,

778 2813 962 2876 Dum
1007 2814 1180 2896 quod
1220 2813 1494 2878 sublime
1540 2813 1750 2878 ventis
1795 2814 2141 2896 expulsum
2186 2813 2340 2896 rapi

785 2919 1036 2983 Sacrum
1078 2970 1332 2985 .....

280 3043 650 3127 Utrumque
695 3045 855 3109 dum
901 3043 1008 3108 hic
1052 3042 1486 3126 principalem
1531 3043 1871 3108 notionem
1913 3043 2087 3107 ‘eine
2132 3042 2286 3108 Zeit
2328 3042 2505 3126 lang,
2555 3044 2701 3108 eine
2754 3043 3001 3110 Weile'

279 3151 580 3232 servavit,
620 3152 715 3216 ita
753 3158 829 3216 ut
863 3151 1252 3216 vertendum
1290 3152 1375 3215 sit
1411 3149 1595 3215 ‘bald
1635 3189 1718 3197 —
1755 3149 2001 3214 bald’2.
2048 3150 2207 3216 Pari
2242 3151 2438 3216 modo
2479 3150 2800 3217 Afranius
2839 3152 3000 3216 372:

796 3277 981 3341 Dum
1027 3297 1124 3341 me
1171 3277 1576 3359 moriqeram,
1623 3277 1782 3340 dum
1830 3295 2155 3339 morosam
2190 3277 2483 3360 ρναεὸεο,

796 3383 1046 3447 Deinde
1092 3383 1347 3466 aliquid
1387 3383 1602 3446 dedita
1647 3404 1841 3466 opera
1886 3383 2351 3447 controversiae

805 3490 1152 3572 Concinno,
1202 3491 1378 3554 laedo
1425 3489 1760 3553 interdum
1806 3490 2233 3554 contumeliis.

280 3613 476 3679 Alter
521 3614 838 3680 transitus
884 3612 1128 3697 gradus
1182 3613 1350 3678 bene
1407 3612 1775 3677 illustratur
1829 3633 2018 3678 versu
2072 3612 2187 3678 illo
2237 3612 2615 3680 Catulliano
2672 3617 2806 3698 (62,
2856 3618 3000 3700 45):

711 3740 822 3804 Sic
865 3740 1064 3824 vityo,
1115 3738 1269 3803 dum
1321 3740 1565 3802 intaeta
1610 3744 1846 3820 manet,
1894 3740 2050 3802 dum
2097 3761 2251 3803 cara
2286 3741 2430 3804 suis
2466 3744 2575 3822 est,

279 3862 392 3928 ubi
439 3861 749 3928 substitui
793 3864 1004 3946 possit
1048 3863 1367 3948 quamdiu
1414 3902 1496 3911 —
1548 3864 1817 3929 tamdiu.

1367 4128 1434 4195 3.
1484 4129 1917 4212 Hypotaxis.

495 4327 706 4392 Pauci
749 4325 878 4392 loci
916 4325 1386 4409 proprietatem
1427 4323 1760 4407 quandam
1799 4344 1956 4405 prae
1996 4343 2065 4388 se
2107 4323 2352 4388 ferunt:
2402 4324 2557 4390 P41
2613 4324 2776 4401 Quis
2813 4330 3001 4405 vetat,

279 4436 450 4520 quis,
497 4457 577 4499 ne
623 4436 922 4514 attola-t&
981 4433 1194 4498 A107
1248 4438 1324 4496 ut
1366 4433 1576 4495 diram
1626 4437 1680 4494 te
1729 4437 1905 4496 meta
1946 4483 1958 4495 .
2006 4482 2018 4497 .
2070 4431 2365 4496 dubitare
2412 4433 2573 4495 haut
2615 4452 2831 4496 meum
2877 4437 3002 4512 est;

500 4698 520 4734 ²
557 4699 880 4768 Weninger,
921 4697 999 4751 De
1028 4699 1322 4768 paraturis
1351 4697 1417 4751 in
1453 4697 1560 4754 Ter.
1587 4697 1700 4766 fab.
1731 4697 1994 4766 restiyiis,
2024 4695 2167 4750 Diss.
2196 4695 2555 4765 Erlangensis
2586 4711 2633 4749 a.
2666 4695 2803 4750 1888
2832 4715 2885 4765 p.
2914 4696 3005 4753 78.

499 4804 520 4840 ²
557 4805 886 4874 Woelfflin„
925 4806 1116 4860 ‘As-ch.
1155 4805 1193 4858 f.
1232 4805 1332 4860 lat.
1369 4803 1522 4860 Lex.’
1562 4805 1620 4858 II
1658 4805 1780 4858 234.
2750 4825 2755 4830 ·
