3567 5109
1421 290 1858 353 —79—

273 508 607 590 χρῆσθαι
650 506 1099 586 προοιμίοις,
1146 504 1426 585 λέγοντες
1463 504 1667 573 οὕτως
1702 503 1812 567 τὸν
1847 504 1966 585 μὲν
2001 504 2191 585 λόγον
2236 504 2308 565 ἐκ
2345 507 2566 583 μερῶν
2611 500 2996 582 συγκεῖσθαι,

274 614 385 678 τὸν
431 614 500 678 δὲ
544 613 633 696 μὴ
682 612 753 675 ἐκ
799 614 1057 676 πάντων
1100 614 1506 693 συγκείμενον
1550 612 1694 676 οὔτε
1740 610 2092 692 ὁλόκληρον
2138 610 2290 675 εἶναι
2335 611 2477 674 οὔτε
2521 610 2690 691 ὑγιῆ·
2736 607 2998 689 μάλιστα

270 721 395 803 μὲν
456 718 573 784 οὖν
635 744 829 801 φασιν
893 718 1082 782 οὐδὲν
1145 724 1273 781 τῶν
1327 724 1437 782 τοῦ
1492 718 1685 800 λόγου
1739 723 1962 799 μερῶν
2015 718 2486 797 παραλειπτέον,
2553 716 2884 795 ἐξαιρέτως
2932 712 2999 776 δὲ

275 829 638 909 προοίμιον·
689 827 895 899 δόξει
941 826 1078 907 γὰρ
1125 825 1513 907 ἀκέφαλός
1558 849 1662 895 τις
1698 825 1735 887 ὁ
1772 825 1994 905 λόγος
2031 826 2221 888 εἶναι
2258 824 2430 893 ὅλος
2468 822 2587 886 διὰ
2626 821 2703 885 τὸ
2743 822 2997 900 ὥσπερ

274 934 617 1017 κεφαλὴν
682 940 807 998 τοῦ
872 931 1149 1002 παντὸς
1221 932 1448 1013 λόγου
1515 932 1593 996 τὸ
1657 932 2064 1013 προοίμιον
2129 932 2330 995 εἶναι.
2421 928 2569 993 Iam
2641 926 3000 1008 fragmenti

277 1044 671 1122 scriptorem
724 1037 921 1103 flores
971 1036 1312 1120 discipulis
1366 1037 1750 1102 vendentem
1799 1036 2116 1115 videmus,
2169 1057 2334 1119 quos
2379 1056 2513 1100 non
2558 1038 2632 1098 in
2677 1055 2796 1099 suo
2843 1032 2996 1097 hor-

278 1146 421 1211 tulo
462 1146 812 1228 decerpsit,
862 1144 979 1209 sed
1018 1166 1101 1209 ex
1126 1143 1736 1227 Apollodoreorum
1774 1144 1984 1209 hortis
2023 1142 2425 1209 transtulit¹.
2477 1141 2609 1207 Sed
2650 1142 2997 1206 attenden-

279 1253 435 1318 dum
480 1252 669 1317 nobis
717 1258 839 1331 est,
890 1274 1007 1316 cur
1053 1252 1179 1316 1100
1225 1249 1372 1316 1000
1419 1252 1800 1336 Apollodori
1843 1252 2290 1315 auctoritatem
2328 1250 2552 1334 pluris
2597 1270 2795 1333 quam
2831 1248 2998 1312 Her-

276 1383 575 1445 mayorae
619 1360 841 1444 fam'at.
904 1358 1116 1443 Quem
1160 1380 1295 1423 non
1343 1362 1409 1423 in
1456 1358 1659 1423 verba
1704 1362 2008 1441 magistri
2055 1362 2280 1422 iurare
2321 1357 2636 1437 dicemus,
2686 1358 2998 1438 quoniam

276 1468 481 1551 paulo
530 1474 682 1533 ante
730 1489 877 1533 cum
924 1464 1343 1549 Apollodoro
1392 1470 1708 1549 pugnavit
1754 1473 1822 1530 et
1867 1469 2063 1530 toties
2103 1487 2172 1529 se
2213 1464 2297 1529 ab
2336 1465 2796 1547 Hermagorae
2846 1484 2996 1546 par-

276 1576 454 1641 tibus
518 1582 699 1640 stare
755 1574 1091 1657 professus
1148 1580 1268 1638 est.
1366 1574 1494 1639 Sed
1535 1574 1908 1658 pertimzeia
1952 1573 2334 1658 Apollodori
2383 1573 2446 1638 ei
2478 1573 2818 1657 probatur,
2884 1572 3002 1655 qni

276 1686 529 1748 nullam
574 1704 873 1767 unquam
917 1684 993 1747 in
1031 1682 1393 1767 praeceptis
1416 1682 1837 1749 ,aridissimis
1880 1682 2310 1765 exceptionem
2354 1679 2688 1745 admittere
2733 1680 2994 1743 voluit?

276 1790 517 1872 Itaque
590 1792 1031 1854 minutissima
1106 1793 1306 1871 atque
1380 1787 1812 1853 subtilissima
1893 1786 2012 1852 illa
2095 1793 2454 1869 praecepta
2537 1786 2997 1869 Hermagorae

276 1919 429 1961 cum
484 1900 873 1979 pertinacia,
940 1903 1016 1960 ut
1068 1897 1166 1959 ita
1214 1895 1450 1974 dicam,
1516 1893 1918 1977 Apollodori
1980 1897 2185 1958 mixta
2245 1916 2285 1957 a
2339 1896 2496 1957 viris
2544 1892 2756 1958 doctis
2802 1891 2998 1956 huius

280 2006 523 2069 aetatis
577 2001 857 2068 Aurelio
914 2002 1293 2086 Augustino
1359 2002 1741 2067 tribuuntur
1809 2022 2092 2083 eumque
2159 2001 2560 2079 doctrinam,
2629 2021 2800 2082 quae
2867 2003 2999 2064 iam

278 2109 691 2194 Quintiliano
757 2114 975 2175 minus
1041 2109 1451 2192 probabatur
1469 2109 1513 2188 ³,
1581 2108 1955 2173 defendisse
2025 2114 2221 2190 atque
2282 2108 2582 2173 docuisse
2640 2128 2760 2189 pro
2818 2114 2998 2171 certo

280 2222 579 2282 sumitur.
654 2217 835 2282 Num
890 2221 1224 2300 ingenium
1270 2215 1633 2300 Augustini
1679 2220 1954 2280 minoris
2003 2214 2498 2281 aestimabimus
2546 2236 2744 2297 quam
2793 2212 2998 2297 Quin-

275 2324 579 2390 tiliani?⁴=
2726 2398 2772 2455 ψ

496 2485 516 2519 ¹
563 2502 609 2537 c.
651 2485 716 2538 19
774 2486 851 2553 (p.
894 2484 994 2537 149
1042 2483 1166 2550 H.):
1226 2482 1385 2537 ‘Sine
1444 2483 1624 2551 capite
1681 2482 1863 2535 oratio
1921 2486 2022 2549 est,
2079 2500 2218 2549 quae
2268 2484 2383 2535 sine
2431 2483 2703 2550 principio
2752 2482 2820 2534 ab
2869 2483 3000 2549 ipsis

275 2574 442 2627 rebus
480 2573 741 2628 orditur’.
814 2572 905 2625 Ex
952 2572 1145 2626 eadem
1192 2577 1311 2625 arte
1360 2572 1641 2626 rhetorica
1678 2571 1846 2625 verba
1884 2572 1999 2637 illa,
2047 2588 2186 2639 quae
2224 2587 2390 2638 supra
2428 2571 2998 2636 commemoravimus,

276 2664 412 2717 satis
468 2664 729 2716 obscura:
804 2661 1085 2729 ‘Denique
1142 2662 1403 2715 auloedos
1460 2666 1515 2714 et
1573 2659 1926 2713 citharoedos
1972 2664 2029 2713 et
2075 2664 2288 2712 ceteros
2334 2658 2495 2711 huius
2542 2659 2693 2712 modi
2742 2658 3000 2725 artificeS,

275 2770 617 2821 quamquam
672 2769 784 2804 non
838 2751 1211 2819 polliceantur
1266 2752 1591 2817 orationem,
1648 2750 1900 2802 videmus
1945 2754 2134 2802 tamen
2183 2749 2495 2817 praeloqui'
2534 2780 2600 2787 —
2639 2748 2820 2801 lucem
2859 2750 3001 2800 acci·

276 2842 449 2910 pient.
496 2840 567 2893 In
603 2845 803 2909 quarta
839 2840 988 2893 enim
1026 2841 1269 2893 sectione
1307 2839 1445 2892 haec
1482 2844 1806 2891 narrantur:
1851 2838 2080 2905 Ὶστέον,
2109 2840 2196 2892 ὅτι
2224 2842 2442 2908 κυρίως
2471 2840 2753 2907 προοᾲιια
2781 2839 3002 2907 ἔλεγον

276 2932 335 2985 οἱ
362 2932 606 2984 παλαιοὶ
628 2930 697 2983 τὰ
716 2936 838 2983 τῶν
856 2928 1236 2998 κιθαρῳδῶν·
1268 2930 1442 2998 οἴμας
1469 2929 1587 2997 γὰρ
1614 2930 1874 2983 ἐκάλουν
1901 2928 2061 2983 οὗτοι
2089 2929 2198 2997 τὰς
2227 2926 2414 2996 ᾠδάς·
2446 2927 2513 2981 τὸ
2532 2925 2640 2980 οὖν
2659 2928 3000 2996 ἀνάκρουμα

276 3019 347 3073 τὸ
383 3020 504 3089 πρὸ
540 3026 647 3088 τῆς
684 3016 846 3087 ᾠδῆς
882 3025 987 3087 τῆς
1025 3019 1275 3086 κιθάρας
1309 3020 1624 3087 προοίμιον
1659 3018 1942 3071 ἐκάλουν·
1991 3017 2113 3071 ἀπὸ
2159 3018 2370 3071 τούτου
2405 3017 2500 3069 καὶ
2545 3017 2645 3070 ἐπὶ
2691 3016 2798 3069 τὸν
2832 3016 3000 3086 ῥητο-

278 3108 449 3177 ρικὸν
481 3107 902 3175 μετενήνεκται
942 3108 1132 3175 λόγον
1159 3107 1226 3161 τὸ
1256 3110 1447 3173 ὄνομα
1478 3148 1491 3160 .
1523 3148 1535 3159 .
1567 3148 1579 3159 .
1612 3148 1623 3159 .
1663 3103 1918 3173 Scriptor
1955 3106 2127 3173 igitur
2165 3106 2243 3158 sic
2273 3109 2723 3173 argument-atur:
2763 3104 2824 3157 Si
2864 3104 3002 3157 aulis

276 3201 338 3249 et
372 3194 581 3249 fidibus·
613 3200 874 3248 canentes
911 3196 1197 3263 prooemio
1235 3199 1487 3261 utuntur,
1534 3211 1599 3247 eo
1647 3196 1824 3263 magis
1873 3198 2039 3261 atque
2086 3210 2300 3262 semper
2344 3194 2442 3246 illo
2482 3192 2648 3247 debet
2684 3194 2766 3247 uti
2797 3199 3001 3247 orator.

495 3284 516 3317 ²
553 3283 640 3337 Cf.
678 3284 909 3337 Cornuti
949 3302 989 3336 5.
1032 3284 1160 3337 113:
1209 3286 1263 3338 οἱ
1307 3286 1422 3351 μὲν
1460 3282 1958 3353 Ἀπολλοδώρειοί
1991 3295 2138 3351 φασι
2175 3286 2284 3337 ἀεὶ
2323 3282 2476 3337 δεῖν
2512 3282 2857 3353 διηγεῖσθαι.
2915 3284 3000 3337 Cf.

278 3372 469 3441 Quint.
499 3372 589 3427 IV
626 3374 675 3439 2,
715 3374 763 3425 4.

495 3461 517 3495 ³
552 3461 919 3515 Conferamus
958 3460 1293 3529 Quintiliani
1330 3461 1515 3529 verba,
1554 3462 1666 3531 qui,
1704 3466 2000 3530 postquam
2041 3461 2108 3514 de
2145 3462 2402 3529 partibus
2441 3479 2732 3515 causarum
2770 3462 3001 3515 iudicia·

276 3549 433 3617 lium,
472 3551 540 3603 de
580 3552 923 3619 quaestione,
959 3552 1192 3617 ratione,
1232 3550 1589 3615 iudicatione,
1629 3552 1950 3604 continente
1989 3551 2308 3616 (materiam
2345 3551 2499 3603 illam
2538 3550 2904 3604 aridissimam
2934 3551 3000 3603 dc

279 3641 539 3706 asystatis
577 3656 801 3707 prorsus
841 3640 1053 3706 omisit)
1110 3639 1432 3707 disputavit,
1487 3639 1626 3693 haec
1674 3639 1857 3692 addit:
1935 3637 2181 3709 „Verum
2227 3639 2366 3693 haec
2405 3639 2688 3693 adfectata
2723 3640 3002 3693 subtilitas

278 3729 431 3781 circa
466 3730 695 3781 nomina
740 3746 925 3782 rerum
963 3728 1256 3782 ambitiose
1305 3729 1541 3797 laborat,
1600 3746 1631 3781 a
1667 3729 1828 3781 nobis
1869 3730 1924 3781 in
1961 3728 2069 3781 1100
2107 3728 2403 3797 adsumpta
2449 3729 2643 3796 50111111,
2697 3746 2767 3782 110
2804 3746 3000 3799 parum

276 3817 576 3885 diligenter
614 3818 902 3885 inquisisse
940 3818 1009 3869 de
1046 3834 1229 3885 opere,
1268 3817 1419 3885 quod
1459 3818 1703 3887 adgressi
1742 3834 1948 3883 sumus,
1987 3818 2324 3885 videremur;
2365 3819 2667 3887 simplicius
2705 3824 2890 3871 autem
2922 3820 3002 3870 in·

279 3906 531 3958 stituenti
590 3923 703 3959 non
757 3912 843 3959 est
878 3924 1099 3959 necesse
1136 3924 1235 3975 per
1272 3913 1389 3959 tam
1434 3908 1677 3959 minutas
1723 3924 1909 3960 rerum
1947 3908 2247 3976 particulas
2285 3909 2559 3961 rationem
2597 3908 2832 3961 docendi
2872 3924 3002 3961 con·

277 3995 481 4048 cidere.
528 3996 643 4058 Quo
683 3996 813 4049 vitio
852 3996 1021 4049 multi
1046 3994 1267 4064 quidem
1294 3996 1687 4061 laboraverunt,
1718 3996 2022 4065 praecipue
2049 4003 2230 4051 tamen
2260 3997 2644 4066 Hernmqoras,
2683 3998 2768 4049 vir
2795 3997 3000 4065 alioqui

278 4083 497 4136 subtilis
534 4088 591 4137 et
629 4085 686 4136 in
721 4085 975 4153 plurimis
1006 4083 1381 4149 admirandus,
1420 4090 1639 4138 tantum
1678 4085 2003 4154 diligentiae
2040 4087 2274 4139 nimium
2304 4087 2591 4153 sollicitae,
2629 4090 2692 4137 ut
2729 4086 2848 4153 ipsa
2883 4087 2999 4140 eius

278 4172 632 4239 reprehensio
670 4173 836 4227 laude
878 4174 1061 4241 aliqua
1101 4191 1213 4226 non
1250 4173 1480 4242 indigna
1518 4176 1621 4227 sit“
1662 4173 1780 4240 (ΙΙΙ
1819 4175 1904 4241 11,
1942 4176 2006 4227 21
2043 4178 2164 4243 sq.).

496 4261 517 4293 ⁴
554 4256 752 4329 Atque
781 4262 853 4314 A.
892 4261 1105 4315 Reuter
1142 4262 1366 4330 quidem
1408 4261 1547 4316 bene
1585 4263 1904 4316 observavit
1942 4263 2092 4316 haud
2131 4264 2304 4333 digna
2341 4280 2456 4317 esse
2486 4264 2821 4333 Augustino,
2862 4282 3001 4332 quac

274 4349 596 4417 fragmento
637 4352 1011 4403 continentur.
1068 4350 1279 4403 Scribit
1316 4352 1465 4404 enim
1503 4352 1539 4403 l.
1578 4352 1614 4403 l.
1655 4369 1706 4420 p.
1737 4353 1831 4405 31:
1872 4352 1974 4404 ‘Es
2012 4369 2144 4420 mag
2179 4353 2338 4405 nicht
2374 4352 2520 4406 ohne
2557 4353 2828 4406 Interesse
2867 4355 3001 4417 sein,

278 4438 387 4491 (1011
426 4438 643 4505 grossen
678 4439 863 4492 doctor
897 4438 1153 4492 eeclesiae
1191 4440 1335 4493 auch
1373 4440 1581 4493 einmal
1620 4441 1699 4493 als
1737 4440 2142 4493 bescheidenen
2168 4441 2430 4509 mayister
2458 4430 2746 4494 rhetorices
2784 4442 3002 4496 kennen

276 4544 345 4579 zu
383 4527 595 4580 lernen.
633 4527 795 4581 Denn
834 4527 1167 4581 bescheiden
1203 4529 1275 4581 ist
1306 4528 1451 4581 doch
1478 4530 1566 4582 die
1596 4528 1856 4597 Stellung
1887 4530 2100 4597 dessen,
2139 4530 2238 4584 der
2265 4530 2465 4583 keinen
2492 4531 2743 4599 einzigen
2772 4532 3000 4600 eigenen

278 4614 589 4669 Gedanken
644 4616 828 4670 baben
883 4616 1034 4670 kann
1080 4616 1199 4669 und
1246 4617 1430 4671 haben
1476 4617 1618 4686 darf,
1678 4618 1916 4671 sondern
1963 4619 2300 4673 iiberliefern
2337 4619 2489 4686 muss,
2543 4636 2652 4673 was
2690 4620 2805 4673 ihm
2843 4621 3002 4674 iiber-

277 4702 468 4756 liefert
516 4704 623 4757 ist!
696 4704 807 4759 Sed
846 4723 945 4758 cur
982 4706 1205 4759 dicendi
1244 4708 1510 4771 magister
1547 4724 1613 4760 ea
1652 4708 1786 4773 sola,
1825 4726 1966 4777 quae
2004 4709 2054 4762 ei
2094 4710 2304 4763 tradita
2341 4713 2485 4776 sunt,
2525 4708 2743 4762 tradere
2783 4709 3002 4777 debeat,

278 4810 393 4846 non
430 4793 714 4861 intellego.
