3567 5109
1717 263 2205 327 -100—

600 475 884 539 diamus:
983 475 1110 539 Sed
1170 495 1606 558 quaecumque
1659 481 1821 540 sunt
1890 477 1964 539 de
2026 476 2146 540 hac
2207 497 2277 538 re
2338 476 2811 540 observationes
2871 481 3063 559 atque
3118 495 3329 558 prae-

597 589 793 666 cepta,
859 583 1098 667 quibus
1151 603 1302 646 cum
1356 583 1596 647 accedit
1645 583 1722 646 in
1775 583 1991 646 verbis
2026 582 2348 666 plurimis
2400 583 2929 665 ornamentisque
2974 583 3333 646 verborum

595 690 1061 754 exercitatioris
1127 690 1388 774 linquae
1447 690 1897 753 sollertissima
1960 691 2367 771 consuetudo,
2433 690 2517 772 fit
2576 689 2713 770 illa,
2778 711 2942 773 qaae
3004 689 3335 772 facundia-

602 798 696 862 rel
756 797 1118 880 eloquentia
1179 796 1587 877 nominatur,
1652 803 1835 861 extra
1896 797 2059 860 istas
2124 797 2371 861 litteras
2434 802 2694 860 nostras
2744 796 3018 880 seposito
3070 797 3160 858 ad
3212 796 3335 858 leoc

596 924 880 987 conqruo
926 904 1233 988 temporis
1275 903 1488 987 spatio
1531 910 1688 987 apta
1733 908 1796 968 et
1838 905 2247 968 convenienti
2278 909 2481 968 aetate
2517 904 2821 968 discenda
2852 909 3015 966 sunt
3046 903 3160 982 eis,
3210 902 3337 984 qui

599 1012 714 1074 leoc
757 1011 1044 1074 celeriter
1080 1015 1382 1094 possunt.
1469 1010 1666 1074 Nam
1709 1017 1780 1075 ct
1822 1012 2037 1094 ipsos
2082 1011 2469 1076 Romanae
2508 1011 2919 1095 principes
2962 1011 3325 1092 eloquen-

599 1119 750 1181 tiae-
805 1139 960 1181 non
1005 1118 1275 1202 piquit
1325 1117 1591 1199 dicere,
1647 1119 1847 1201 quod
1899 1119 2093 1182 hanc
2136 1124 2378 1183 artem
2424 1117 2592 1182 nisi
2634 1117 2810 1200 quis
2854 1116 3007 1180 cito
3042 1115 3329 1199 possit,

600 1245 996 1308 reunquam
1041 1225 1358 1289 omnino
1394 1225 1652 1308 possit
1684 1224 2183 1308 perdiscere¹.
2244 1224 2431 1300 Quod
2472 1230 2703 1288 utrum
2754 1244 2975 1287 cerum
3010 1222 3117 1302 sit,
3163 1222 3333 1305 quid

595 1353 761 1416 opus
805 1337 902 1396 est
944 1330 1334 1414 quaererem
1423 1331 1596 1394 Non
1650 1331 1872 1412 enim,
1928 1331 2241 1396 etiamsi
2276 1332 2592 1415 possint
2634 1331 2814 1395 haec
2856 1352 2901 1394 a
2947 1329 3323 1393 tardiori-

599 1440 737 1502 bus
785 1439 1089 1503 tandem
1133 1438 1561 1521 aliquando
1597 1439 1964 1521 perdisci,
2020 1460 2159 1503 nos
2210 1460 2295 1502 ea
2352 1439 2557 1502 tanti
2592 1438 3029 1522 pendimuS,
3081 1441 3169 1499 ut
3214 1436 3331 1498 eis

597 1545 991 1610 discendis
1035 1546 1192 1608 iam
1237 1550 1592 1608 maturas
1628 1546 1746 1609 vel
1781 1546 2014 1608 etiam
2053 1567 2327 1629 graves
2371 1545 2771 1609 hominum
2808 1549 3097 1608 aetates
3138 1543 3322 1605 reli-

597 1674 767 1716 ‘mus
805 1651 1172 1735 impendi.
1225 1649 1404 1714 Satis
1441 1657 1550 1733 est,
1588 1657 1666 1716 ut
1699 1652 2328 1716 adulescentulorum
2370 1652 2497 1716 ista
2532 1653 2624 1716 sit
2656 1673 2837 1732 cura,
2872 1672 2991 1714 nec
3024 1650 3325 1734 ipsorum

599 1760 827 1824 omniu
836 1781 896 1822 m
900 1809 918 1840 ,
948 1780 1108 1843 quos
1138 1758 1416 1822 utilitati
1440 1758 1893 1823 ecclesiasticae
1920 1760 2225 1842 cupimus
2253 1760 2522 1839 ermims,
2550 1760 2663 1823 sed
2688 1779 2931 1838 eorum,
2960 1777 3121 1840 quos
3149 1777 3283 1818 non
3297 1792 3321 1801 -

599 1868 759 1931 (lum
787 1865 996 1949 maqis
1023 1887 1262 1949 urqens
1298 1871 1360 1928 et
1394 1865 1547 1929 kuic
1573 1866 1672 1928 rei
1695 1867 1839 1930 sine
1866 1853 2060 1930 dubio
2087 1867 2551 1950 praeponenda
2586 1865 2930 1929 necessitas
2964 1863 3323 1946 occuparit.

612 1974 936 2051 Quoniam
985 1972 1050 2036 si
1091 1977 1361 2037 acutum
1406 1978 1467 2036 et
1499 1971 1758 2055 fem-ens
1794 1973 1968 2036 adsit
2000 1973 2361 2057 inqenium,
2408 1973 2740 2056 facilius
2775 1971 3139 2036 adhaeret
3171 1971 3320 2033 elo-

600 2081 923 2165 quentia
972 2078 1402 2164 leqentibus
1447 2084 1518 2143 et
1551 2079 2063 2144 audientibus
2100 2082 2536 2164 eloquentes
2572 2101 2801 2163 quam
2836 2077 3327 2160 eloquentiae

591 2209 921 2274 praecep
935 2193 1010 2252 ta
1053 2193 1314 2250 sectan
1326 2187 1550 2251 tibus.
1615 2187 1750 2250 Nec
1784 2189 2021 2251 desunt
2054 2187 2507 2251 ecclesiasticae
2546 2189 2793 2252 litterae
2838 2187 3037 2250 etia-m
3064 2191 3329 2269 praeter

598 2315 912 2360 canonem
975 2295 1051 2358 in
1105 2293 1514 2357 auctoritatis
1567 2314 1712 2357 arce
1755 2293 2107 2358 salubriter
2162 2295 2556 2375 collocatum,
2622 2315 2787 2377 quas
2835 2293 3091 2377 leqeudo
3138 2292 3327 2356 homo

599 2425 824 2488 capax,
861 2402 984 2466 etsi
1016 2402 1090 2465 id
1121 2422 1258 2464 non
1293 2406 1461 2483 aqat,
1499 2402 1610 2464 sed
1646 2403 2092 2466 tantmnueodo
2118 2402 2328 2482 rebus,
2358 2423 2520 2482 quae
2546 2401 2645 2465 ibi
2666 2402 3000 2480 dicuntur,
3029 2399 3327 2462 intentus

599 2511 706 2592 sit,
755 2511 952 2574 etiam
997 2509 1263 2591 cloquio,
1311 2528 1438 2590 quo
1481 2508 1814 2588 dicuntur,
1874 2509 2035 2572 dum
2080 2509 2157 2572 in
2202 2509 2305 2572 his
2352 2515 2669 2590 versatur,
2724 2507 3069 2587 imbuitur,
3116 2527 3320 2570 accc-

597 2620 820 2683 dente
883 2617 1002 2680 vel
1061 2615 1391 2678 maxime
1455 2615 2009 2678 exercitatione
2062 2617 2223 2679 sice
2276 2615 2673 2680 scribendi
2734 2615 2895 2678 sive
2950 2613 3322 2692 dictandi,

591 2731 981 2810 postremo
1043 2723 1279 2786 etiam
1339 2722 1664 2802 dicendi,
1730 2743 1896 2805 quae
1957 2724 2315 2786 secundum-
2369 2724 2638 2807 pietatis
2692 2743 2768 2786 ac
2820 2722 2980 2804 fidei
3030 2721 3327 2804 reyulam

597 2834 813 2896 sentit.
897 2831 976 2894 Si
1019 2834 1240 2894 autem
1288 2830 1410 2892 tale
1454 2829 1618 2892 desit
1661 2828 2023 2912 inqenium,
2070 2851 2187 2894 nec
2229 2831 2349 2893 illa
2396 2830 2712 2894 rhetorica
2746 2834 3093 2913 praecepta
3136 2827 3321 2910 capi-

603 2946 827 3019 untur,
865 2958 982 3002 nec
1017 2937 1080 3000 si
1113 2957 1350 3020 mayno
1389 2935 1600 2999 labore
1634 2935 1964 3000 inculmta
1990 2938 2587 3020 quantu-lamemque
2624 2958 2701 3000 esc
2727 2941 2920 3020 parte
2954 2935 3327 3018 capiantur,

599 3045 855 3129 aliquid
888 3049 1194 3128 prosunt.
1273 3041 1548 3118 Quando
1604 3043 1859 3125 quidem
1904 3043 2139 3106 etiam
2185 3043 2357 3127 ipsi,
2423 3044 2557 3126 qui
2610 3063 2693 3106 ea
2736 3041 3200 3121 didicerunt,
3256 3045 3331 3102 et

597 3152 899 3236 copiose
944 3155 1362 3232 ornateque
1406 3150 1696 3231 dicunt,
1744 3170 1901 3213 non
1946 3171 2200 3214 omnes
2246 3155 2335 3214 ut
2368 3150 2785 3214 secundum
2824 3147 3001 3233 ipsa
3034 3147 3325 3226 dicant,

591 3262 929 3343 possunt
982 3278 1064 3321 ea
1119 3257 1474 3340 coqitare,
1529 3277 1698 3320 cum
1751 3257 2043 3337 dicunt,
2099 3257 2163 3320 si
2212 3279 2349 3322 non
2402 3259 2477 3320 de
2530 3257 2633 3320 his
2677 3257 3054 3340 disputant:
3124 3254 3325 3316 immo

607 3386 748 3430 rero
793 3365 906 3428 via·
951 3365 1118 3428 ullos
1154 3385 1378 3426 eorum
1413 3384 1544 3426 esse
1581 3363 1897 3443 existima,
1946 3364 2065 3446 qui
2106 3369 2458 3446 utrumque
2495 3363 2775 3448 possint,
2823 3367 2885 3426 et
2918 3361 3124 3426 dicere
3170 3361 3325 3423 bene

601 3479 660 3536 et
705 3473 791 3536 ad
834 3472 948 3534 hoc
991 3469 1366 3553 faciendum
1405 3476 1751 3553 praecepta
1786 3469 1905 3533 illa
1941 3471 2197 3533 dicendi
2238 3471 2531 3554 coyitare,
2578 3491 2656 3534 cu
2665 3491 2729 3533 m
2765 3470 3013 3533 dicunt.
3072 3467 3321 3532 chen-

599 3581 762 3643 dum
806 3583 900 3641 est
943 3577 1138 3658 enim,
1186 3597 1267 3639 ne
1311 3575 1581 3659 fuyiant
1623 3599 1700 3640 ea:
1733 3577 1979 3657 anime,
2028 3598 2191 3659 quae
2226 3577 2495 3640 dicenda
2530 3582 2706 3657 sunt,
2754 3575 2917 3640 dum
2941 3575 3325 3651 attenditur,

604 3692 678 3750 nt
721 3690 860 3750 arte
905 3684 1229 3747 dicantur.
1283 3683 1384 3746 Et
1429 3689 1682 3746 tamen
1729 3683 1813 3747 in
1856 3684 2349 3748 sermonibus
2384 3690 2614 3766 atque
2650 3682 3133 3746 dictionibus
3170 3682 3319 3744 cl-o-

599 3792 1008 3876 quentium
1044 3791 1368 3874 imple-ta
1401 3791 1913 3874 reperiuntur
1940 3798 2355 3876 praecepta
2382 3789 2888 3876 eloquentiae,
2925 3791 3012 3853 de
3038 3788 3327 3872 quibus

601 3899 732 3964 illi
783 3904 872 3963 ut
923 3899 1484 3982 eloquerentur,
1542 3899 1656 3960 vel
1708 3919 1878 3962 cum
1932 3898 2495 3982 eloquerentur,
2555 3918 2707 3961 non
2760 3897 3323 3980 coqitaverunt,

597 4008 732 4070 sire
767 4007 886 4069 illa
921 4005 1314 4086 dulicissent,
1361 4005 1496 4068 sire
1531 4025 1612 4068 nc
1659 4005 2027 4088 attiqissent
2057 4005 2337 4088 quidem.
2391 4005 2681 4088 Implent
2714 4004 2956 4088 quippe
2978 4003 3117 4084 illa,
3162 4002 3326 4085 quia

600 4115 958 4197 eloquentes
1001 4118 1193 4190 sunt,·
1262 4133 1398 4176 non
1443 4111 1764 4193 adhibent,
1815 4117 1893 4175 ut
1932 4112 2074 4175 sint
2116 4112 2491 4194 eloquentes.
2598 4110 3006 4194 Quapropter
3048 4129 3201 4172 cum-
3247 4129 3327 4172 es:

603 4221 976 4304 infantibus
1023 4220 1122 4302 loq
1130 4225 1348 4282 ite-ntes
1393 4240 1528 4282 non
1564 4219 1755 4302 fiant,
1803 4219 1943 4282 nisi
1986 4219 2335 4282 locutiones
2382 4219 2679 4283 discendo
2718 4216 3139 4300 loquentium,
3188 4236 3221 4278 c
3234 4237 3327 4278 ur

601 4327 1039 4409 eloquentes
1085 4325 1276 4409 fieri
1319 4347 1473 4389 non
1510 4326 1831 4409 possint
1872 4326 2099 4388 nulla
2146 4326 2555 4409 eloquendi
2606 4330 2770 4389 arte
2820 4323 3131 4403 tradita,
3196 4322 3327 4385 sed

599 4433 1074 4496 elocutiones
1121 4432 1646 4516 eloquentium
1693 4431 2001 4515 leyendo
2041 4438 2110 4495 et
2144 4433 2526 4496 audiendo
2564 4436 2648 4513 et,
2696 4436 3074 4514 quantu-m
3116 4449 3318 4492 asse-

819 4589 837 4621 1
875 4587 958 4640 De
999 4606 1076 4642 or.
1115 4587 1213 4642 111
1249 4589 1336 4656 89,
1377 4589 1496 4642 146.

818 4675 840 4708 ²
876 4675 1056 4728 Paulo
1095 4676 1241 4728 infra
1279 4677 1496 4744 saepius
1527 4676 1813 4730 Ambrosii
1844 4681 1901 4730 et
1930 4677 2193 4745 Cypriani
2224 4679 2603 4746 eloquentiam
2632 4676 2829 4730 laudat
2857 4681 3027 4746 atque
3056 4675 3325 4743 exemplis

601 4764 866 4817 illustrat.
