3567 5109
1466 276 1910 339 —75—

326 486 451 552 bus
500 486 921 551 Benedictini
976 486 1045 550 in
1102 488 1367 570 scriptis
1412 486 1775 571 Augustini
1824 487 2256 552 emendandis
2305 487 2408 551 usi
2455 493 2630 564 sunt,
2687 485 2909 550 nullus
2956 485 3060 548 in-

328 600 560 659 ventus
591 600 709 672 est,
751 615 880 677 quo
920 592 1384 676 fragmentum,
1414 593 1493 658 de
1525 590 1653 676 quo
1684 594 1958 677 agimus,
2001 595 2467 672 contineretur,
2509 598 2682 657 certe
2711 592 3057 675 inscriptio

324 703 393 764 in
442 700 665 765 codice
694 700 1019 765 Beruensi
1066 702 1315 765 tradita
1362 722 1495 765 non
1534 702 1704 765 tanti
1744 700 2052 766 facienda
2090 706 2208 779 est,
2255 703 2487 784 quanti
2525 720 2670 763 eam
2699 697 3057 777 CreceliuS,

324 807 657 887 HalmiuS,
704 807 819 871 alii
865 806 1188 872 fecerunt.

537 914 761 997 Atque
819 916 1040 997 magni
1088 919 1155 977 in
1212 936 1292 979 ea
1340 916 1723 996 quaestione
1774 913 2090 979 momenti
2146 914 2402 978 videtur
2447 933 2611 991 esse,
2669 910 2846 994 quod
2893 910 3056 975 Ber-

327 1042 597 1085 nensem
659 1021 1002 1086 librarium
1046 1021 1116 1085 in
1163 1022 1287 1086 hoc
1334 1023 1480 1104 ipso
1527 1020 1902 1105 fragmento
1953 1020 2386 1085 describendo
2446 1019 2868 1103 neglegenter
2915 1039 3056 1083 ver-

325 1134 538 1192 satum
586 1148 729 1191 esse
775 1128 909 1192 iam
955 1127 1042 1192 H.
1089 1127 1373 1210 Hagen¹
1420 1132 1665 1211 optime
1713 1128 2211 1193 demonstravit.
2259 1128 2619 1192 Praeterea
2669 1124 2949 1190 eundem
2985 1126 3054 1188 in

326 1234 444 1299 fol.
490 1236 664 1301 1432
707 1237 794 1318 (p.
835 1236 1007 1319 285>
1040 1234 1249 1301 Chirii
1296 1234 1765 1302 Fortunatiani
1814 1235 1942 1299 arti
2001 1226 2376 1299 rhetoricae
2416 1232 2586 1299 falso
2635 1232 3054 1315 praemisisse

325 1347 589 1406 constat
650 1342 851 1406 verba
916 1344 1263 1407 ‘Alceeinus
1316 1344 1389 1407 de
1443 1342 1806 1407 rhethorica
1863 1344 1982 1425 (sic
1997 1339 2041 1425 Ξ)
2108 1341 2504 1420 Cas-docimi&
2575 1360 2728 1403 nam
2782 1337 3056 1402 Alcuini

326 1447 490 1512 nihil
535 1470 816 1531 usquam
862 1452 932 1511 in
980 1448 1205 1513 codice
1253 1452 1593 1530 reperitur.

539 1553 757 1638 Quam
806 1555 888 1619 ob
938 1576 1099 1635 rem,
1148 1556 1203 1618 si
1251 1562 1425 1619 recte
1476 1556 1555 1619 de
1603 1554 1729 1619 hoc
1777 1553 2150 1637 fragmento
2197 1554 2495 1619 iudicare
2551 1553 2871 1631 volumuS,
2920 1551 3056 1617 alia

327 1665 583 1727 ratione
631 1668 698 1725 et
744 1666 851 1726 via
898 1660 1089 1727 nobis
1137 1661 1689 1745 progrediendum
1737 1668 1838 1725 est
1883 1669 2082 1744 atque
2123 1659 2420 1727 Crecelio
2469 1667 2536 1725 et
2571 1660 2864 1725 Reutero
2913 1657 3053 1741 pla-

328 1775 571 1833 cuerat.
618 1768 793 1834 Nam
837 1770 909 1833 in
958 1790 1366 1853 quacumque
1407 1769 1856 1852 disputatione
1894 1768 2022 1834 hoc
2061 1774 2236 1833 certe
2275 1774 2375 1833 est
2411 1768 2638 1832 vitium
2677 1767 3054 1845 maximum,

330 1896 498 1958 quae
550 1876 1063 1941 demonstranda
1109 1882 1280 1955 sunt,
1332 1880 1463 1941 iam
1513 1876 1968 1941 demonstrata
2015 1897 2158 1939 esse
2209 1881 2464 1959 putare.

541 1982 779 2065 Itaque
830 1984 908 2047 de
956 2005 1033 2048 eo
1080 1982 1457 2065 fragmento
1507 1984 1601 2047 sic
1648 2004 2070 2065 exponemuS,
2121 1989 2195 2047 ut
2240 1986 2455 2065 ipsum
2500 1982 2736 2047 inoerti
2768 1980 3054 2045 auctor-223

327 2112 457 2153 esse
506 2090 823 2154 dicamus.
892 2094 1098 2174 Atque
1134 2091 1438 2175 primum
1483 2112 1646 2174 quae
1684 2090 2069 2175 praeceptat,
2115 2091 2536 2167 ostentionem,
2588 2095 2728 2152 tum
2773 2108 2935 2171 quac
2979 2087 3054 2151 de

326 2220 375 2261 s.
426 2198 788 2279 Ατιφιετίηιῗ
846 2198 1084 2261 studii-s·
1148 2204 1338 2281 alque
1386 2198 1749 2282 praeceptis
1812 2198 2077 2261 ali-unde
2131 2197 2563 2275 innotuerint,
2617 2195 3052 2279 inquiremuS,

326 2308 401 2365 m
448 2303 609 2386 quid
650 2304 723 2367 dc
767 2303 1131 2387 flaymento
1176 2304 1607 2367 iudica-ndum
1652 2304 1760 2382 sit,
1799 2303 2300 2388 perspiciamus,

542 2406 677 2473 Sed
720 2409 853 2472 iam
901 2408 987 2473 ad
1035 2411 1380 2474 materiam
1425 2410 1639 2492 ipsam
1684 2409 2107 2474 tractandam
2155 2410 2564 2474 accedamus,

541 2516 623 2579 In
672 2516 1006 2599 opusculo,
1052 2516 1133 2581 de
1174 2538 1305 2600 quo
1355 2516 1790 2599 disputamus,
1839 2516 2092 2581 nullum
2139 2521 2547 2599 prooemium
2595 2515 2797 2599 polite
2845 2516 3052 2596 scrip-

324 2628 485 2700 tum,
536 2621 729 2705 quale
770 2630 1003 2687 auctor
1041 2627 1205 2688 artis
1244 2624 1509 2689 dicendi
1548 2625 1635 2688 ad
1671 2623 2084 2689 Herennium
2125 2624 2382 2703 missae,
2424 2624 2678 2703 Cicero,
2719 2620 3051 2704 Sulpicius

329 2728 579 2809 Victor,
631 2730 1007 2795 Martianus
1055 2729 1353 2814 Capella,
1405 2731 1519 2795 alii
1556 2731 1741 2796 libris
1780 2736 1915 2796 suis
1952 2732 2451 2815 praemiserunt,
2499 2730 2796 2813 legimus.
2857 2726 3054 2812 Quod

327 2836 593 2901 minime
633 2838 967 2917 miramur,
1018 2859 1165 2901 cum
1204 2837 1371 2903 alias
1412 2860 1672 2921 quoque
1701 2838 1853 2903 libri
1881 2845 2106 2922 partes
2135 2843 2418 2921 scriptor
2446 2859 2644 2920 quam
2672 2836 3052 2901 brevissime

327 2941 702 3009 absolverit.
748 2943 925 3008 Nam
974 2945 1258 3027 scriptor
1290 2944 1669 3010 Aristotelis
1715 2967 1894 3011 more
1934 2946 2014 3010 de
2053 2945 2386 3011 rhetorica
2423 2944 2678 3009 erudite
2709 2944 3050 3025 disputare

327 3050 543 3116 noluit
606 3072 821 3135 neque
870 3073 1015 3115 eam
1064 3057 1205 3116 arte
1254 3052 1667 3133 concludere,
1734 3053 1853 3117 sed
1908 3074 2168 3135 pueros,
2237 3054 2348 3134 qui
2397 3050 2691 3115 scholam
2739 3051 2876 3114 eius
2924 3047 3049 3112 fre-

327 3156 757 3240 quentabant,
823 3156 1257 3241 popularibus
1324 3166 1523 3243 atque
1578 3162 1844 3225 usitatis
1901 3160 2116 3223 verbis
2165 3158 2554 3237 instruebat,
2621 3179 2752 3240 qua
2791 3160 3049 3221 ratione

326 3270 393 3327 et
455 3264 562 3329 via
626 3268 719 3328 eis
767 3266 1321 3347 progrediendum
1376 3273 1568 3346 esset,
1636 3273 1712 3330 ut
1748 3268 2114 3331 orationem
2173 3266 2605 3348 compositam
2653 3264 3052 3329 conficerent

327 3377 526 3453 atque
576 3378 1193 3437 commentarentur.

540 3477 764 3560 Atque
831 3480 1057 3561 primis
1125 3479 1389 3562 quidem
1446 3478 1745 3563 opusculi
1800 3480 2016 3545 verbis
2071 3481 2419 3545 instruit-ur
2465 3478 2883 3562 eloquentiae
2932 3476 3047 3540 ad-

325 3584 703 3666 sequendae
732 3586 1089 3665 studiosus,
1141 3608 1467 3670 quaenam
1511 3588 1755 3652 oratori
1796 3585 2110 3652 facienda
2147 3592 2301 3665 sint,
2349 3590 2404 3651 si
2432 3585 2600 3649 bene
2631 3604 2898 3648 munere
2929 3603 3048 3647 suo

325 3691 515 3773 fungi
562 3690 735 3755 velit.

538 3798 683 3863 Iam
747 3820 897 3863 vero
965 3800 1244 3881 primam
1311 3800 1515 3865 officii
1581 3804 1860 3865 oratoris
1925 3808 2200 3884 partem,
2267 3798 2778 3865 intellectionem
2835 3836 2918 3843 —
2977 3802 3050 3860 ut

326 3906 520 3970 verbo
588 3904 868 3988 Sulpicii
922 3905 1213 3972 Victoris
1277 3908 1467 3972 utar²
1517 3946 1599 3954 —-
1660 3908 2064 3973 discentibus
2121 3906 2555 3973 commendat.
2648 3906 2838 3971 Haec
2895 3910 3049 3968 sunt

321 4012 503 4076 illius
542 4014 881 4095 scriptoris
918 4013 1146 4078 verba:
1203 4013 1543 4093 „Oratoris
1583 4015 1873 4081 officium
1921 4023 2023 4081 est
2067 4019 2408 4099 proposita
2447 4018 2832 4095 quaestione
2872 4009 3047 4075 civili

325 4119 677 4185 dumtaxat
712 4122 991 4203 primum
1030 4125 1241 4204 ipsam
1279 4123 1743 4206 intelleyere,
1795 4122 2120 4205 generalis
2161 4126 2246 4187 sit
2275 4144 2361 4185 an
2391 4120 2720 4203 specialis,
2769 4117 3050 4200 simplex

324 4247 411 4291 an
459 4231 811 4292 coniuncta
858 4250 937 4291 ex
984 4226 1303 4309 pluribuS,
1354 4228 1658 4295 absoluta
1706 4252 1792 4294 an
1842 4230 2346 4312 comparativa.“

537 4332 845 4399 Alteram
892 4344 1111 4399 autem
1161 4335 1366 4400 officii
1404 4343 1657 4419 partem
1696 4341 2142 4401 inventionem
2180 4357 2323 4400 esse
2364 4334 2542 4412 dicit,
2593 4334 2672 4397 de
2714 4354 2843 4417 qua
2870 4332 3046 4397 hunc

323 4442 393 4505 111
440 4440 705 4505 modum
753 4446 1049 4524 exponit:
1152 4442 1453 4521 „Deinde
1503 4442 1729 4527 (debet
1776 4446 2026 4527 orator)
2075 4464 2222 4507 cum
2270 4440 2688 4519 intellexerit,
2755 4439 3044 4503 invenire

541 4688 559 4723 ¹
597 4688 681 4742 Cf.
720 4688 1065 4743 Fleckeiseni
1103 4691 1286 4743 annal.
1326 4690 1427 4743 CV
1466 4692 1672 4759 (1875),
1710 4710 1763 4760 p.
1793 4692 1897 4745 766
1937 4708 2086 4760 seqq.

541 4776 561 4811 ²
600 4778 684 4831 Cf.
723 4778 953 4847 Sulpicii
993 4777 1239 4833 Victoris
1277 4778 1703 4833 Institutionum
1742 4782 2110 4834 oratoriarum
2149 4797 2193 4833 6.
2223 4782 2258 4833 4
2296 4782 2372 4847 (p.
2402 4780 2506 4834 315
2544 4778 2759 4845 Halm).
