3567 5109
1524 278 1964 339 -27.-.

382 510 649 553 causam
708 490 988 553 maxime
1046 489 1513 571 vituperarent,
1566 510 1844 573 quorum
1891 490 2042 553 libri
2089 490 2174 553 ad
2223 490 2394 553 hanc
2445 496 2730 553 aetatem
2775 512 2910 553 non
2959 510 3102 571 per-

378 602 720 661 venerunt.
817 594 1035 678 Quare
1106 602 1279 659 certe
1342 596 1717 660 mirandum
1772 602 1873 659 est
1925 597 2255 659 neminem
2314 596 2446 659 iam
2503 602 2640 661 tum
2697 596 2871 659 hunc
2921 595 3104 659 Alci-

378 702 643 767 biadem
691 725 730 767 a
778 703 1056 766 Platone
1106 702 1541 767 abiudicasse.

1024 915 1099 982 Ο.
1162 915 1267 981 De
1314 916 1664 981 materiae
1711 916 1947 999 ipsius
1994 917 2463 983 tractatione.

595 1076 807 1158 Supra
846 1075 1207 1157 longiorem
1236 1074 1415 1139 illam
1449 1074 1816 1140 orationem
1847 1076 1926 1139 de
1957 1076 2308 1140 Persarum
2339 1084 2404 1140 et
2431 1076 3102 1141 Lacedaemoniorum

381 1182 661 1266 regibus,
714 1204 879 1265 quae
922 1182 1225 1245 omnibus
1264 1182 1417 1259 fere,
1461 1182 1571 1265 qui
1608 1182 2030 1246 Alcibiadem
2070 1184 2364 1267 spurium
2404 1184 2736 1265 dialogum
2774 1204 2914 1246 esse
2953 1202 3104 1245 cen-

380 1297 671 1367 suerunt,
739 1290 1061 1353 maximae
1122 1288 1469 1353 offensioni
1529 1297 1689 1369 erat,
1756 1298 1934 1354 recte
1992 1310 2058 1353 se
2117 1289 2358 1354 habere
2419 1290 2898 1367 contendimuS‚
2958 1311 3102 1352 cum

378 1398 515 1479 ipse
562 1396 760 1460 Plato
825 1396 995 1459 tales
1062 1396 1393 1459 orationes
1458 1396 1741 1479 dialogis
1809 1398 1944 1460 suis
2009 1398 2375 1461 inseruerit.
2467 1397 2620 1462 Hoc
2670 1403 2889 1461 autem
2936 1395 3102 1475 locu,

380 1503 539 1587 quid
579 1503 659 1567 de
701 1509 1089 1585 argumento
1130 1503 1479 1567 dicendum
1520 1504 1622 1582 sit,
1666 1505 2104 1586 expediemus.
2153 1506 2447 1569 Primum
2490 1505 2754 1587 quidem
2781 1502 3106 1567 Kvicalal

384 1611 479 1689 „si
536 1630 838 1692 usquam,
897 1609 1005 1672 hic
1063 1616 1237 1673 certe
1296 1631 1430 1673 non
1478 1610 1802 1688 Platonis,
1871 1611 1986 1675 sed
2051 1612 2203 1675 vani
2269 1611 2774 1675 declamatoris“
2837 1630 3103 1673 manum

378 1718 558 1795 vidit,
600 1717 778 1799 quod
826 1716 992 1779 nihil
1040 1716 1337 1779 conferat
1385 1717 1471 1781 ad
1518 1716 1733 1796 finem,
1787 1740 1980 1801 quem
2021 1718 2330 1783 Socrates
2377 1719 2502 1783 sibi
2551 1717 2985 1801 proposuerit,
3031 1721 3105 1779 ut

378 1824 765 1888 Alcibiades
805 1824 925 1887 sibi
966 1824 1089 1905 ipsi
1130 1845 1399 1905 operam
1439 1844 1577 1887 esse
1618 1825 1992 1888 navandam
2030 1824 2454 1907 intellegeret.
2505 1824 2636 1889 Sed
2675 1825 2852 1888 hunc
2889 1823 3106 1887 locum

380 1932 615 1995 doctus
653 1930 761 1993 ille
802 1932 901 1993 vir
935 1952 1071 1993 non
1110 1930 1271 1993 satis
1310 1937 1483 1994 recte
1522 1931 1922 1995 intellexisse
1963 1932 2238 1995 videtur.
2289 1932 2438 2015 Qua
2469 1932 2766 1995 orat-ione
2797 1930 3108 1995 Socrates

380 2038 635 2101 efficere
704 2035 861 2113 vult,
929 2043 1002 2101 ut
1048 2035 1437 2101 Alcibiades
1493 2038 1741 2101 ultimis
1800 2036 1929 2101 illis
1986 2038 2199 2117 rebuS,
2261 2039 2498 2121 quibus
2553 2038 2861 2121 superbia
2909 2036 3102 2100 adfici

380 2146 605 2227 possit,
674 2144 865 2207 bonis
930 2144 1223 2225 corporis
1280 2150 1345 2207 et
1401 2146 1657 2223 generis
1715 2144 2066 2208 nobilitate
2123 2152 2188 2209 et
2245 2145 2505 2224 divit-iis,
2556 2145 2866 2226 privetur,
2917 2148 2990 2211 ut
3035 2164 3104 2205 se

377 2273 511 2315 non
558 2272 707 2315 eum
754 2272 892 2314 esse
944 2258 1327 2332 cognoscat,
1380 2251 1491 2332 qui
1536 2252 1631 2314 rei
1678 2251 1982 2333 publicae
2032 2252 2299 2333 praesit.
2374 2251 2608 2335 Neque
2656 2249 2753 2313 illi
2801 2251 2938 2313 viro
2987 2250 3105 2313 ad-

379 2359 604 2421 sentiri
636 2379 997 2439 possumus),
1039 2379 1187 2420 cum
1228 2358 1386 2421 dicit
1424 2356 1685 2421 mollem
1727 2363 1926 2439 atque
1969 2358 2321 2421 delicatum
2352 2358 2703 2421 Persarum
2744 2356 2989 2419 cultum
3018 2394 3102 2403 —

377 2466 703 2543 vestitum,
734 2470 1073 2545 unguenta
1104 2464 1428 2545 —inepte
1460 2465 1956 2528 commemorari
1986 2466 2072 2547 (p.
2101 2464 2345 2548 12213),
2379 2487 2506 2547 quo
2537 2464 2831 2527 homines
2863 2462 3104 2526 effemi-

378 2578 618 2635 nentur
667 2572 887 2652 pot-ius
928 2592 1125 2653 quam
1168 2571 1254 2634 ad
1294 2572 1599 2635 virtutem
1638 2572 2023 2635 excitentur.
2095 2572 2296 2636 Cuius
2336 2572 2472 2635 sine
2513 2570 2712 2635 dubio
2754 2574 3104 2651 propterea

380 2679 624 2741 mentio
674 2678 767 2755 fit,
818 2699 945 2759 quo
996 2678 1205 2759 magis
1244 2678 1599 2741 Persarum
1640 2678 1908 2741 divitiae
1949 2681 2130 2760 (nam
2169 2679 2292 2741 nisi
2334 2678 2578 2741 divitiis
2615 2676 2817 2740 talem
2857 2675 3102 2738 cultum

381 2785 674 2867 corporis
720 2784 905 2847 nulla
953 2783 1087 2847 alia
1135 2806 1203 2848 re
1253 2784 1382 2847 sibi
1430 2806 1813 2866 comparare
1864 2787 2166 2868 possunt)
2211 2784 2585 2848 Alcibiadis
2642 2782 2951 2846 mediocri
3009 2783 3103 2844 rei

380 2892 689 2955 familiari
746 2898 1187 2974 opponantur.
1285 2890 1593 2956 Ceterum
1662 2914 1855 2973 quem
1913 2894 2219 2955 Socrates
2283 2892 2479 2955 finem
2546 2890 2668 2953 sibi
2736 2890 3101 2971 proposuit,

381 2998 791 3080 adsequitur:
840 3020 994 3061 nam
1045 3019 1190 3061 cum
1241 3021 1302 3082 p.
1339 2998 1539 3062 119B
1587 2997 1976 3061 Alcibiades
2023 2998 2364 3081 glorietur:
2416 3000 2543 3079 ἐγὼ
2584 2999 2704 3078 γὰρ
2742 2996 2810 3059 εἶ’
2851 2998 2971 3059 οἶδ’
3013 2998 3100 3059 ὅτι

380 3109 621 3169 τούτων
665 3114 737 3187 τῇ
795 3131 871 3186 γε
926 3102 1143 3188 φύσει
1200 3108 1367 3168 πάνυ
1423 3107 1583 3169 πολὺ
1638 3109 2022 3187 περιέσομαι,
2079 3105 2374 3169 orat-ione
2430 3104 2617 3167 finit-a
2676 3109 2741 3167 et
2795 3101 3098 3183 superbia

382 3212 593 3275 fracta
642 3234 721 3273 ex
768 3212 1041 3274 Socrate
1091 3212 1349 3293 quaerit
1394 3233 1455 3293 p.
1494 3215 1617 3275 124
1640 3212 1727 3273 B:
1784 3212 1900 3276 Τίν’
1951 3212 2066 3275 οὖν
2110 3214 2230 3295 χρὴ
2280 3213 2389 3293 τὴν
2435 3212 2798 3293 ἐπιμέλειαν,
2846 3208 2902 3271 (ὖ
2949 3210 3101 3273 Σώ-

380 3344 602 3401 κρατες
664 3320 975 3381 ποιεῖσθαι
990 3343 1009 3391 ,·
1083 3320 1241 3401 ἔχεις
1304 3320 1728 3401 ἐξηγήσασθαι
1744 3344 1763 3391 ,·
1837 3320 2069 3387 παντὸς
2134 3320 2252 3399 γὰρ
2316 3318 2554 3399 μᾶλλον
2618 3320 2828 3386 ἔοικας
2891 3317 3102 3399 ἀληθῆ

380 3426 666 3508 εἰρηκότι.
724 3421 921 3505 Quod
968 3423 1255 3487 Kvicala
1304 3424 1461 3487 dicit
1511 3425 1896 3506 scriptorem
1944 3424 2066 3487 sibi
2113 3445 2244 3487 non
2293 3430 2612 3500 constare,
2660 3445 2826 3501 cum,
2878 3444 3102 3504 quam-

382 3552 580 3612 quam
648 3529 934 3594 dilucide
1002 3531 1167 3594 (lixit
1214 3529 1629 3595 Alcibiadem
1677 3532 1924 3595 divitiis
1971 3532 2234 3594 minime
2291 3530 2624 3612 superbire
2674 3532 2761 3611 (p.
2814 3528 3100 3606 104B)²,
3131 3542 3146 3555 ·

378 3647 601 3701 tamen
633 3637 895 3700 divitias
919 3638 1265 3701 Persarum
1296 3639 1922 3716 commemoraverit,
1956 3638 2262 3719 equidem
2296 3638 2660 3719 putaverim
2683 3634 3102 3699 Alcibiadem

382 3744 669 3807 omnium
718 3743 983 3827 quidem
1031 3765 1247 3806 rerum
1297 3743 1539 3808 divitiis
1589 3748 1802 3828 ἥκιστα
1849 3749 2012 3827 μέγα
2061 3754 2333 3828 φρονεῖν,
2391 3744 2506 3807 sed
2563 3750 2784 3807 tamen
2831 3740 3100 3823 aliquid,

382 3858 447 3913 et
510 3850 635 3913 hoc
701 3850 844 3912 loco
912 3851 1051 3913 sine
1119 3850 1315 3913 dubio
1384 3850 1450 3913 id
1517 3852 1753 3933 agitur,
1820 3859 1894 3915 ut
1941 3850 2278 3915 Alcibiadi
2345 3872 2425 3914 ne
2491 3872 2624 3914 una
2681 3848 2946 3931 quidem
3001 3871 3103 3911 res

382 3964 735 4033 remaneat,
796 3979 927 4039 qua
986 3958 1107 4019 etsi
1174 3956 1443 4037 paulum
1509 3958 1848 4039 superbire
1916 3960 2151 4041 possit,
2221 3959 2321 4021 cui
2381 3958 2471 4020 rei
2529 3956 2904 4021 testimonio
2962 3976 3100 4017 esse

380 4150 701 4220 Ἇῦηναίων
738 4151 927 4219 ὁῆμον
963 4155 1188 4204 εἰκαῖον
1215 4152 1415 4219 εἴρηκε·
1442 4151 1640 4221 κριτὴν
1670 4152 1788 4221 [ἔτι
1819 4170 1883 4206 τε
1910 4153 2274 4223 πρόκωπον]
2305 4150 2812 4218 Λακεδαιμονίους
2840 4148 2910 4203 ὁέ
2937 4152 3102 4203 ἐπαι-

386 4248 507 4293 νῶν
542 4242 779 4294 ἐπαινεῖ
812 4243 906 4293 καὶ
944 4243 1085 4309 τοὺς
1120 4242 1369 4293 πάντων
1406 4241 1702 4309 Ἑλλήνιον
1738 4244 1993 4311 ἐχθροὺς
2033 4242 2273 4310 Πέρσας
2309 4243 2404 4294 καὶ
2443 4241 2547 4293 τὸν
2585 4239 2856 4306 ἀδελφὸν
2894 4238 2965 4293 ὁὲ
2999 4248 3106 4292 τοῦ

382 4329 741 4400 Ἀλκιβιάδου
762 4330 1045 4383 Κλεινίαν
1064 4330 1430 4396 μαινόμενόν
1450 4346 1515 4383 τε
1534 4333 1858 4397 ἀποφαίνει
1887 4333 1980 4384 καὶ
2009 4332 2150 4399 τοὺς
2182 4332 2341 4399 υἱοὺς
2361 4334 2540 4384 αὐτοῦ
2565 4330 2831 4397 ἠλιθίους
2849 4326 3105 4381 ΛῖῙειὸἰαν

382 4437 446 4471 τε*
484 4420 899 4487 ὀρτυγοκόπον
934 4420 1029 4471 καὶ
1068 4418 1172 4471 τὸν
1210 4426 1331 4471 τῶν
1359 4418 1678 4487 Ἀθηναίων
1707 4418 1896 4487 (δῆμον
1923 4420 2326 4489 εὐπρόσωπον
2349 4420 2464 4486 μέν
2492 4416 2660 4484 εἶναι,
2690 4416 2784 4470 ὑεῖ
2785 4436 2816 4470 ν
2845 4416 2900 4469 δ’
2925 4417 3104 4469 αὐτὸν

384 4506 805 4575 ἀποδύσαντας
841 4510 1113 4575 θεωρεῖν.

600 4594 617 4628 ¹
658 4597 713 4647 in
752 4600 1051 4647 comment.
1091 4613 1257 4661 supra
1294 4594 1442 4648 laud.
1482 4614 1533 4663 p.
1565 4598 1613 4648 6.

598 4684 619 4716 ²
658 4684 818 4737 104ss
858 4700 997 4749 seq.:
1042 4684 1371 4753 προσθήσω
1410 4684 1481 4737 bi·
1520 4686 1611 4737 καὶ
1652 4686 1735 4737 ὅτι
1778 4692 1898 4738 τῶν
1933 4687 2262 4737 πλουσίων·
2303 4684 2502 4753 δοκεῖς
2539 4684 2608 4737 be
2641 4702 2738 4751 μοι
2779 4685 2876 4737 ἐπὶ
2915 4684 3102 4751 τούτῳ

388 4774 589 4841 ἥκιστα
624 4775 783 4842 μέγα
820 4782 1085 4840 φρονεῖν.
