<?xml version="1.0" encoding="UTF-8"?>
<!DOCTYPE html PUBLIC "-//W3C//DTD XHTML 1.0 Transitional//EN"
    "http://www.w3.org/TR/xhtml1/DTD/xhtml1-transitional.dtd">
<html xmlns="http://www.w3.org/1999/xhtml" xml:lang="en" lang="en">
 <head>
  <title>
</title>
<meta http-equiv="Content-Type" content="text/html;charset=utf-8" />
  <meta name='ocr-system' content='tesseract 3.04.00' />
  <meta name='ocr-capabilities' content='ocr_page ocr_carea ocr_par ocr_line ocrx_word'/>
</head>
<body>
  <div class='ocr_page' id='page_1' title='image "./dissertationesp09wiengoog_0174.png"; bbox 0 0 3567 5109; ppageno 0'>
   <div class='ocr_carea' id='block_1_1' title="bbox 1617 337 2097 400">
    <p class='ocr_par' dir='ltr' id='par_1_1' title="bbox 1617 337 2097 400">
     <span class='ocr_line' id='line_1_1' title="bbox 1617 337 2097 400; baseline 0 -1"><span class='ocrx_word' id='word_1_1' title='bbox 1617 337 2097 400; x_wconf 73' lang='lat'>-166--</span> 
     </span>
    </p>
   </div>
   <div class='ocr_carea' id='block_1_2' title="bbox 499 512 3226 3024">
    <p class='ocr_par' dir='ltr' id='par_1_2' title="bbox 503 512 3226 916">
     <span class='ocr_line' id='line_1_2' title="bbox 505 512 3221 606; baseline 0.001 -12"><span class='ocrx_word' id='word_1_2' title='bbox 505 532 692 604; x_wconf 82' lang='lat' dir='ltr'><strong>Quae</strong></span> <span class='ocrx_word' id='word_1_3' title='bbox 727 549 883 594; x_wconf 89' lang='lat' dir='ltr'><strong>cum</strong></span> <span class='ocrx_word' id='word_1_4' title='bbox 916 532 1011 594; x_wconf 88' lang='lat' dir='ltr'><strong>ita</strong></span> <span class='ocrx_word' id='word_1_5' title='bbox 1037 531 1193 606; x_wconf 88' lang='lat' dir='ltr'><strong>sint,</strong></span> <span class='ocrx_word' id='word_1_6' title='bbox 1228 531 1296 592; x_wconf 95' lang='lat' dir='ltr'><strong>L.</strong></span> <span class='ocrx_word' id='word_1_7' title='bbox 1335 529 1602 592; x_wconf 88' lang='lat' dir='ltr'><strong>Plotius</strong></span> <span class='ocrx_word' id='word_1_8' title='bbox 1638 530 1709 590; x_wconf 86' lang='lat' dir='ltr'><strong>id</strong></span> <span class='ocrx_word' id='word_1_9' title='bbox 1743 549 2043 593; x_wconf 85' lang='lat' dir='ltr'><strong>novasse</strong></span> <span class='ocrx_word' id='word_1_10' title='bbox 2076 531 2371 606; x_wconf 84' lang='lat' dir='ltr'><strong>videtur,</strong></span> <span class='ocrx_word' id='word_1_11' title='bbox 2428 537 2503 593; x_wconf 90' lang='lat' dir='ltr'><strong>ut</strong></span> <span class='ocrx_word' id='word_1_12' title='bbox 2551 512 2829 595; x_wconf 86' lang='lat' dir='ltr'><strong>ludum</strong></span> <span class='ocrx_word' id='word_1_13' title='bbox 2876 533 3221 596; x_wconf 90' lang='lat' dir='ltr'><strong>rhetori-</strong></span> 
     </span>
     <span class='ocr_line' id='line_1_3' title="bbox 506 635 3225 719; baseline -0 -20"><span class='ocrx_word' id='word_1_14' title='bbox 506 655 678 700; x_wconf 90' lang='lat' dir='ltr'><strong>cum</strong></span> <span class='ocrx_word' id='word_1_15' title='bbox 727 635 1041 711; x_wconf 80' lang='lat' dir='ltr'><strong>haberet,</strong></span> <span class='ocrx_word' id='word_1_16' title='bbox 1089 637 1156 696; x_wconf 90' lang='lat' dir='ltr'><strong>in</strong></span> <span class='ocrx_word' id='word_1_17' title='bbox 1203 653 1342 714; x_wconf 88' lang='lat' dir='ltr'><strong>quo</strong></span> <span class='ocrx_word' id='word_1_18' title='bbox 1375 638 1680 712; x_wconf 82' lang='lat' dir='ltr'><strong>primus</strong></span> <span class='ocrx_word' id='word_1_19' title='bbox 1729 636 2010 698; x_wconf 81' lang='lat' dir='ltr'><strong>Latine</strong></span> <span class='ocrx_word' id='word_1_20' title='bbox 2060 637 2357 699; x_wconf 90' lang='lat' dir='ltr'><strong>doceret.</strong></span> <span class='ocrx_word' id='word_1_21' title='bbox 2408 637 2557 699; x_wconf 87' lang='lat' dir='ltr'><strong>Hac</strong></span> <span class='ocrx_word' id='word_1_22' title='bbox 2606 639 2674 699; x_wconf 94' lang='lat' dir='ltr'><strong>in</strong></span> <span class='ocrx_word' id='word_1_23' title='bbox 2722 658 2797 700; x_wconf 89' lang='lat' dir='ltr'><strong>re</strong></span> <span class='ocrx_word' id='word_1_24' title='bbox 2844 640 3225 719; x_wconf 90' lang='lat' dir='ltr'><strong>permultos</strong></span> 
     </span>
     <span class='ocr_line' id='line_1_4' title="bbox 503 740 3226 821; baseline 0.001 -17"><span class='ocrx_word' id='word_1_25' title='bbox 503 759 662 804; x_wconf 89' lang='lat' dir='ltr'><strong>cum</strong></span> <span class='ocrx_word' id='word_1_26' title='bbox 727 748 1004 804; x_wconf 88' lang='lat' dir='ltr'><strong>secutos</strong></span> <span class='ocrx_word' id='word_1_27' title='bbox 1079 757 1229 803; x_wconf 91' lang='lat' dir='ltr'><strong>esse</strong></span> <span class='ocrx_word' id='word_1_28' title='bbox 1295 741 1552 803; x_wconf 83' lang='lat' dir='ltr'>Seneca</span> <span class='ocrx_word' id='word_1_29' title='bbox 1615 740 1857 804; x_wconf 81' lang='lat' dir='ltr'><strong>rhetor</strong></span> <span class='ocrx_word' id='word_1_30' title='bbox 1914 747 1981 803; x_wconf 89' lang='lat' dir='ltr'><strong>et</strong></span> <span class='ocrx_word' id='word_1_31' title='bbox 2029 741 2420 817; x_wconf 86' lang='lat' dir='ltr'><strong>Suetonius,</strong></span> <span class='ocrx_word' id='word_1_32' title='bbox 2484 745 2602 821; x_wconf 91' lang='lat' dir='ltr'><strong>qui</strong></span> <span class='ocrx_word' id='word_1_33' title='bbox 2668 744 2885 806; x_wconf 87' lang='lat' dir='ltr'><strong>multa</strong></span> <span class='ocrx_word' id='word_1_34' title='bbox 2950 745 3226 808; x_wconf 89' lang='lat' dir='ltr'><strong>nomina</strong></span> 
     </span>
     <span class='ocr_line' id='line_1_5' title="bbox 505 844 2167 916; baseline 0.001 -8"><span class='ocrx_word' id='word_1_35' title='bbox 505 848 864 909; x_wconf 84' lang='lat' dir='ltr'><strong>rhetorum</strong></span> <span class='ocrx_word' id='word_1_36' title='bbox 895 845 1308 908; x_wconf 88' lang='lat' dir='ltr'><strong>Latinorum</strong></span> <span class='ocrx_word' id='word_1_37' title='bbox 1356 844 1681 916; x_wconf 81' lang='lat' dir='ltr'><strong>afferunt,</strong></span> <span class='ocrx_word' id='word_1_38' title='bbox 1731 851 1944 908; x_wconf 86' lang='lat' dir='ltr'><strong>testes</strong></span> <span class='ocrx_word' id='word_1_39' title='bbox 1992 853 2167 909; x_wconf 82' lang='lat' dir='ltr'><strong>sunt.</strong></span> 
     </span>
    </p>

    <p class='ocr_par' dir='ltr' id='par_1_3' title="bbox 499 951 3225 2387">
     <span class='ocr_line' id='line_1_6' title="bbox 712 951 3222 1030; baseline 0.002 -17"><span class='ocrx_word' id='word_1_40' title='bbox 712 952 784 1015; x_wconf 91' lang='lat' dir='ltr'><strong>L.</strong></span> <span class='ocrx_word' id='word_1_41' title='bbox 831 951 1131 1014; x_wconf 86' lang='lat' dir='ltr'><strong>Plotium</strong></span> <span class='ocrx_word' id='word_1_42' title='bbox 1206 951 1441 1030; x_wconf 89' lang='lat' dir='ltr'><strong>igitur,</strong></span> <span class='ocrx_word' id='word_1_43' title='bbox 1520 968 1939 1029; x_wconf 88' lang='lat' dir='ltr'><strong>quamquam</strong></span> <span class='ocrx_word' id='word_1_44' title='bbox 2018 969 2173 1013; x_wconf 88' lang='lat' dir='ltr'><strong>eum</strong></span> <span class='ocrx_word' id='word_1_45' title='bbox 2252 951 2555 1016; x_wconf 86' lang='lat' dir='ltr'><strong>Graecos</strong></span> <span class='ocrx_word' id='word_1_46' title='bbox 2621 954 2851 1016; x_wconf 89' lang='lat' dir='ltr'><strong>odisse</strong></span> <span class='ocrx_word' id='word_1_47' title='bbox 2910 955 3222 1018; x_wconf 85' lang='lat' dir='ltr'><strong>Marxius</strong></span> 
     </span>
     <span class='ocr_line' id='line_1_7' title="bbox 504 1055 3221 1138; baseline 0.002 -20"><span class='ocrx_word' id='word_1_48' title='bbox 504 1061 698 1118; x_wconf 90' lang='lat' dir='ltr'><strong>recte</strong></span> <span class='ocrx_word' id='word_1_49' title='bbox 744 1055 1026 1133; x_wconf 87' lang='lat' dir='ltr'><strong>iudicat,</strong></span> <span class='ocrx_word' id='word_1_50' title='bbox 1075 1063 1322 1119; x_wconf 84' lang='lat' dir='ltr'><strong>contra</strong></span> <span class='ocrx_word' id='word_1_51' title='bbox 1355 1055 1657 1119; x_wconf 89' lang='lat' dir='ltr'><strong>Graecos</strong></span> <span class='ocrx_word' id='word_1_52' title='bbox 1692 1056 1967 1118; x_wconf 78' lang='lat' dir='ltr'><strong>stetisse</strong></span> <span class='ocrx_word' id='word_1_53' title='bbox 2004 1074 2141 1118; x_wconf 94' lang='lat' dir='ltr'><strong>non</strong></span> <span class='ocrx_word' id='word_1_54' title='bbox 2174 1074 2259 1118; x_wconf 87' lang='lat' dir='ltr'><strong>ex</strong></span> <span class='ocrx_word' id='word_1_55' title='bbox 2294 1057 2399 1120; x_wconf 90' lang='lat' dir='ltr'><strong>his</strong></span> <span class='ocrx_word' id='word_1_56' title='bbox 2435 1058 2689 1137; x_wconf 62' lang='grc' dir='ltr'><strong>νει-δῖε,</strong></span> <span class='ocrx_word' id='word_1_57' title='bbox 2726 1077 2901 1138; x_wconf 85' lang='lat' dir='ltr'><strong>quae</strong></span> <span class='ocrx_word' id='word_1_58' title='bbox 2948 1065 3221 1124; x_wconf 82' lang='lat' dir='ltr'><strong>exstant</strong></span> 
     </span>
     <span class='ocr_line' id='line_1_8' title="bbox 502 1158 3217 1243; baseline 0.002 -19"><span class='ocrx_word' id='word_1_59' title='bbox 502 1162 686 1240; x_wconf 89' lang='lat' dir='ltr'><strong>apud</strong></span> <span class='ocrx_word' id='word_1_60' title='bbox 719 1161 1125 1225; x_wconf 89' lang='lat' dir='ltr'><strong>Suetonium</strong></span> <span class='ocrx_word' id='word_1_61' title='bbox 1175 1161 1214 1222; x_wconf 88' lang='lat'><strong>1.</strong></span> <span class='ocrx_word' id='word_1_62' title='bbox 1249 1179 1300 1223; x_wconf 92' lang='lat' dir='ltr'><strong>s.</strong></span> <span class='ocrx_word' id='word_1_63' title='bbox 1335 1180 1386 1224; x_wconf 78' lang='lat' dir='ltr'><strong>s,</strong></span> <span class='ocrx_word' id='word_1_64' title='bbox 1431 1179 1533 1220; x_wconf 72' lang='lat' dir='ltr'><strong>eos</strong></span> <span class='ocrx_word' id='word_1_65' title='bbox 1577 1158 1704 1220; x_wconf 74' lang='lat' dir='ltr'><strong>sibi</strong></span> <span class='ocrx_word' id='word_1_66' title='bbox 1745 1180 1972 1222; x_wconf 81' lang='lat' dir='ltr'><strong>nomen</strong></span> <span class='ocrx_word' id='word_1_67' title='bbox 2018 1160 2391 1243; x_wconf 70' lang='lat' dir='ltr'><strong>imposuisse</strong></span> <span class='ocrx_word' id='word_1_68' title='bbox 2422 1159 2687 1224; x_wconf 73' lang='lat' dir='ltr'><strong>Latinos</strong></span> <span class='ocrx_word' id='word_1_69' title='bbox 2729 1163 3016 1225; x_wconf 69' lang='lat' dir='ltr'><strong>rhetoras</strong></span> <span class='ocrx_word' id='word_1_70' title='bbox 3062 1185 3217 1229; x_wconf 90' lang='lat' dir='ltr'><strong>cum</strong></span> 
     </span>
     <span class='ocr_line' id='line_1_9' title="bbox 501 1266 3220 1346; baseline 0.002 -18"><span class='ocrx_word' id='word_1_71' title='bbox 501 1267 770 1329; x_wconf 85' lang='lat' dir='ltr'><strong>Marxio</strong></span> <span class='ocrx_word' id='word_1_72' title='bbox 805 1267 1164 1344; x_wconf 87' lang='lat' dir='ltr'><strong>conclude,</strong></span> <span class='ocrx_word' id='word_1_73' title='bbox 1213 1267 1335 1328; x_wconf 89' lang='lat' dir='ltr'><strong>sed</strong></span> <span class='ocrx_word' id='word_1_74' title='bbox 1369 1266 1546 1343; x_wconf 89' lang='lat' dir='ltr'><strong>inde,</strong></span> <span class='ocrx_word' id='word_1_75' title='bbox 1595 1267 1782 1345; x_wconf 91' lang='lat' dir='ltr'><strong>quod</strong></span> <span class='ocrx_word' id='word_1_76' title='bbox 1815 1270 1893 1344; x_wconf 78' lang='lat' dir='ltr'><strong>iS,</strong></span> <span class='ocrx_word' id='word_1_77' title='bbox 1942 1271 2058 1346; x_wconf 91' lang='lat' dir='ltr'><strong>qui</strong></span> <span class='ocrx_word' id='word_1_78' title='bbox 2093 1267 2312 1330; x_wconf 89' lang='lat' dir='ltr'><strong>libros</strong></span> <span class='ocrx_word' id='word_1_79' title='bbox 2362 1268 2447 1332; x_wconf 88' lang='lat' dir='ltr'><strong>ad</strong></span> <span class='ocrx_word' id='word_1_80' title='bbox 2482 1268 2553 1332; x_wconf 81' lang='lat' dir='ltr'><strong>G.</strong></span> <span class='ocrx_word' id='word_1_81' title='bbox 2590 1269 3019 1334; x_wconf 87' lang='lat' dir='ltr'><strong>Herennium</strong></span> <span class='ocrx_word' id='word_1_82' title='bbox 3054 1275 3220 1336; x_wconf 87' lang='lat' dir='ltr'><strong>scri-</strong></span> 
     </span>
     <span class='ocr_line' id='line_1_10' title="bbox 505 1370 3222 1456; baseline 0.002 -23"><span class='ocrx_word' id='word_1_83' title='bbox 505 1372 662 1450; x_wconf 90' lang='lat' dir='ltr'><strong>psit,</strong></span> <span class='ocrx_word' id='word_1_84' title='bbox 695 1388 899 1450; x_wconf 91' lang='lat' dir='ltr'><strong>quem</strong></span> <span class='ocrx_word' id='word_1_85' title='bbox 934 1370 1009 1431; x_wconf 92' lang='lat' dir='ltr'><strong>L.</strong></span> <span class='ocrx_word' id='word_1_86' title='bbox 1045 1370 1253 1433; x_wconf 90' lang='lat' dir='ltr'><strong>Plotii</strong></span> <span class='ocrx_word' id='word_1_87' title='bbox 1287 1370 1706 1450; x_wconf 90' lang='lat' dir='ltr'><strong>discipulum</strong></span> <span class='ocrx_word' id='word_1_88' title='bbox 1739 1377 1806 1432; x_wconf 87' lang='lat' dir='ltr'><strong>et</strong></span> <span class='ocrx_word' id='word_1_89' title='bbox 1838 1370 2259 1435; x_wconf 84' lang='lat' dir='ltr'><strong>imitatorem</strong></span> <span class='ocrx_word' id='word_1_90' title='bbox 2294 1371 2513 1435; x_wconf 87' lang='lat' dir='ltr'><strong>fuisse</strong></span> <span class='ocrx_word' id='word_1_91' title='bbox 2543 1374 2851 1437; x_wconf 84' lang='lat' dir='ltr'><strong>Marxius</strong></span> <span class='ocrx_word' id='word_1_92' title='bbox 2873 1375 3021 1437; x_wconf 85' lang='lat' dir='ltr'><strong>aliis</strong></span> <span class='ocrx_word' id='word_1_93' title='bbox 3054 1394 3222 1456; x_wconf 91' lang='lat' dir='ltr'><strong>quo-</strong></span> 
     </span>
     <span class='ocr_line' id='line_1_11' title="bbox 500 1475 3222 1560; baseline 0.002 -22"><span class='ocrx_word' id='word_1_94' title='bbox 500 1494 638 1555; x_wconf 90' lang='lat' dir='ltr'><strong>que</strong></span> <span class='ocrx_word' id='word_1_95' title='bbox 695 1475 1130 1556; x_wconf 83' lang='lat' dir='ltr'><strong>argumentis</strong></span> <span class='ocrx_word' id='word_1_96' title='bbox 1177 1475 1441 1553; x_wconf 86' lang='lat' dir='ltr'><strong>nisus¹)</strong></span> <span class='ocrx_word' id='word_1_97' title='bbox 1491 1476 1893 1539; x_wconf 89' lang='lat' dir='ltr'><strong>doctissime</strong></span> <span class='ocrx_word' id='word_1_98' title='bbox 1941 1480 2244 1556; x_wconf 86' lang='lat' dir='ltr'><strong>exponit,</strong></span> <span class='ocrx_word' id='word_1_99' title='bbox 2292 1476 2599 1541; x_wconf 86' lang='lat' dir='ltr'><strong>Graecos</strong></span> <span class='ocrx_word' id='word_1_100' title='bbox 2648 1479 2741 1542; x_wconf 87' lang='lat' dir='ltr'><strong>ita</strong></span> <span class='ocrx_word' id='word_1_101' title='bbox 2788 1481 3222 1560; x_wconf 78' lang='lat' dir='ltr'><strong>contempsit,</strong></span> 
     </span>
     <span class='ocr_line' id='line_1_12' title="bbox 501 1577 3221 1664; baseline 0.001 -21"><span class='ocrx_word' id='word_1_102' title='bbox 501 1588 579 1643; x_wconf 82' lang='lat' dir='ltr'><strong>ut</strong></span> <span class='ocrx_word' id='word_1_103' title='bbox 643 1579 712 1641; x_wconf 81' lang='lat' dir='ltr'><strong>in</strong></span> <span class='ocrx_word' id='word_1_104' title='bbox 757 1587 881 1640; x_wconf 79' lang='lat' dir='ltr'><strong>toto</strong></span> <span class='ocrx_word' id='word_1_105' title='bbox 925 1598 1130 1661; x_wconf 79' lang='lat' dir='ltr'><strong>opere,</strong></span> <span class='ocrx_word' id='word_1_106' title='bbox 1177 1577 1360 1641; x_wconf 73' lang='lat' dir='ltr'><strong>cuius</strong></span> <span class='ocrx_word' id='word_1_107' title='bbox 1403 1587 1461 1640; x_wconf 81' lang='lat' dir='ltr'><strong>et</strong></span> <span class='ocrx_word' id='word_1_108' title='bbox 1480 1587 1835 1663; x_wconf 76' lang='lat' dir='ltr'><strong>praecepta</strong></span> <span class='ocrx_word' id='word_1_109' title='bbox 1880 1581 2095 1642; x_wconf 78' lang='lat' dir='ltr'><strong>omnia</strong></span> <span class='ocrx_word' id='word_1_110' title='bbox 2140 1589 2198 1641; x_wconf 83' lang='lat' dir='ltr'><strong>et</strong></span> <span class='ocrx_word' id='word_1_111' title='bbox 2228 1579 2512 1663; x_wconf 73' lang='lat' dir='ltr'><strong>exempla</strong></span> <span class='ocrx_word' id='word_1_112' title='bbox 2552 1579 2851 1664; x_wconf 81' lang='lat' dir='ltr'><strong>plurima</strong></span> <span class='ocrx_word' id='word_1_113' title='bbox 2890 1605 2921 1644; x_wconf 89' lang='lat' dir='ltr'><strong>e</strong></span> <span class='ocrx_word' id='word_1_114' title='bbox 2958 1581 3221 1646; x_wconf 73' lang='lat' dir='ltr'><strong>Graecis</strong></span> 
     </span>
     <span class='ocr_line' id='line_1_13' title="bbox 499 1681 3219 1772; baseline 0.002 -26"><span class='ocrx_word' id='word_1_115' title='bbox 499 1682 913 1768; x_wconf 50' lang='lat' dir='ltr'><strong>scvdptoribus</strong></span> <span class='ocrx_word' id='word_1_116' title='bbox 941 1692 1195 1767; x_wconf 58' lang='lat' dir='ltr'><strong>surrepta</strong></span> <span class='ocrx_word' id='word_1_117' title='bbox 1238 1691 1406 1766; x_wconf 78' lang='lat' dir='ltr'><strong>sunt,</strong></span> <span class='ocrx_word' id='word_1_118' title='bbox 1451 1683 1780 1768; x_wconf 78' lang='lat' dir='ltr'><strong>scriptoris</strong></span> <span class='ocrx_word' id='word_1_119' title='bbox 1806 1681 2049 1746; x_wconf 76' lang='lat' dir='ltr'><strong>Gra-eci</strong></span> <span class='ocrx_word' id='word_1_120' title='bbox 2083 1706 2303 1748; x_wconf 81' lang='lat' dir='ltr'><strong>nomen</strong></span> <span class='ocrx_word' id='word_1_121' title='bbox 2334 1684 2613 1772; x_wconf 76' lang='lat' dir='ltr'><strong>aliquod</strong></span> <span class='ocrx_word' id='word_1_122' title='bbox 2655 1689 3041 1770; x_wconf 77' lang='lat' dir='ltr'><strong>reperiretur</strong></span> <span class='ocrx_word' id='word_1_123' title='bbox 3070 1707 3219 1751; x_wconf 74' lang='lat' dir='ltr'><strong>nus-</strong></span> 
     </span>
     <span class='ocr_line' id='line_1_14' title="bbox 506 1788 3225 1875; baseline 0.002 -24"><span class='ocrx_word' id='word_1_124' title='bbox 506 1788 778 1874; x_wconf 80' lang='lat' dir='ltr'><strong>quam.²)</strong></span> <span class='ocrx_word' id='word_1_125' title='bbox 828 1790 1074 1870; x_wconf 85' lang='lat' dir='ltr'><strong>Itaque</strong></span> <span class='ocrx_word' id='word_1_126' title='bbox 1121 1793 1492 1870; x_wconf 80' lang='lat' dir='ltr'><strong>praecipue</strong></span> <span class='ocrx_word' id='word_1_127' title='bbox 1539 1791 1700 1853; x_wconf 90' lang='lat' dir='ltr'><strong>odio</strong></span> <span class='ocrx_word' id='word_1_128' title='bbox 1751 1791 2171 1855; x_wconf 85' lang='lat' dir='ltr'><strong>Graecorum</strong></span> <span class='ocrx_word' id='word_1_129' title='bbox 2221 1793 2428 1855; x_wconf 89' lang='lat' dir='ltr'><strong>ludus</strong></span> <span class='ocrx_word' id='word_1_130' title='bbox 2475 1794 2543 1858; x_wconf 91' lang='lat' dir='ltr'><strong>L.</strong></span> <span class='ocrx_word' id='word_1_131' title='bbox 2592 1795 2793 1856; x_wconf 91' lang='lat' dir='ltr'><strong>Plotii</strong></span> <span class='ocrx_word' id='word_1_132' title='bbox 2844 1811 2881 1856; x_wconf 88' lang='lat' dir='ltr'><strong>a</strong></span> <span class='ocrx_word' id='word_1_133' title='bbox 2935 1797 3225 1875; x_wconf 90' lang='lat' dir='ltr'><strong>reliquis</strong></span> 
     </span>
     <span class='ocr_line' id='line_1_15' title="bbox 505 1894 3221 1978; baseline 0.002 -21"><span class='ocrx_word' id='word_1_134' title='bbox 505 1898 672 1958; x_wconf 87' lang='lat' dir='ltr'><strong>artis</strong></span> <span class='ocrx_word' id='word_1_135' title='bbox 735 1894 1124 1958; x_wconf 83' lang='lat' dir='ltr'><strong>rhetoricae</strong></span> <span class='ocrx_word' id='word_1_136' title='bbox 1197 1897 1546 1975; x_wconf 82' lang='lat' dir='ltr'><strong>magistris</strong></span> <span class='ocrx_word' id='word_1_137' title='bbox 1614 1899 2085 1960; x_wconf 89' lang='lat' dir='ltr'><strong>Romanorum</strong></span> <span class='ocrx_word' id='word_1_138' title='bbox 2154 1899 2541 1962; x_wconf 84' lang='lat' dir='ltr'><strong>differebat.</strong></span> <span class='ocrx_word' id='word_1_139' title='bbox 2620 1900 2850 1978; x_wconf 89' lang='lat' dir='ltr'><strong>Atque</strong></span> <span class='ocrx_word' id='word_1_140' title='bbox 2914 1898 3221 1963; x_wconf 88' lang='lat' dir='ltr'><strong>Cestium</strong></span> 
     </span>
     <span class='ocr_line' id='line_1_16' title="bbox 507 2001 3220 2084; baseline 0.002 -22"><span class='ocrx_word' id='word_1_141' title='bbox 507 2001 722 2076; x_wconf 90' lang='lat' dir='ltr'><strong>Pium,</strong></span> <span class='ocrx_word' id='word_1_142' title='bbox 771 2018 976 2079; x_wconf 91' lang='lat' dir='ltr'><strong>quem</strong></span> <span class='ocrx_word' id='word_1_143' title='bbox 1023 2001 1374 2064; x_wconf 86' lang='lat' dir='ltr'><strong>rhetorem</strong></span> <span class='ocrx_word' id='word_1_144' title='bbox 1427 2003 1746 2065; x_wconf 87' lang='lat' dir='ltr'><strong>Latinum</strong></span> <span class='ocrx_word' id='word_1_145' title='bbox 1798 2003 2010 2065; x_wconf 83' lang='lat' dir='ltr'><strong>fuisse</strong></span> <span class='ocrx_word' id='word_1_146' title='bbox 2061 2002 2536 2083; x_wconf 85' lang='lat' dir='ltr'><strong>Hieronymus</strong></span> <span class='ocrx_word' id='word_1_147' title='bbox 2585 2004 2884 2083; x_wconf 81' lang='lat' dir='ltr'><strong>tradit,³)</strong></span> <span class='ocrx_word' id='word_1_148' title='bbox 2934 2005 3220 2084; x_wconf 90' lang='lat' dir='ltr'><strong>eiusque</strong></span> 
     </span>
     <span class='ocr_line' id='line_1_17' title="bbox 505 2105 3222 2189; baseline 0.002 -23"><span class='ocrx_word' id='word_1_149' title='bbox 505 2105 924 2185; x_wconf 88' lang='lat' dir='ltr'><strong>discipulum</strong></span> <span class='ocrx_word' id='word_1_150' title='bbox 956 2108 1448 2185; x_wconf 85' lang='lat' dir='ltr'><strong>Argentarium</strong></span> <span class='ocrx_word' id='word_1_151' title='bbox 1485 2106 1790 2170; x_wconf 87' lang='lat' dir='ltr'><strong>Graecos</strong></span> <span class='ocrx_word' id='word_1_152' title='bbox 1840 2107 2069 2169; x_wconf 90' lang='lat' dir='ltr'><strong>odisse</strong></span> <span class='ocrx_word' id='word_1_153' title='bbox 2104 2109 2361 2170; x_wconf 87' lang='lat' dir='ltr'><strong>Seneca</strong></span> <span class='ocrx_word' id='word_1_154' title='bbox 2392 2110 2632 2172; x_wconf 89' lang='lat' dir='ltr'><strong>rhetor</strong></span> <span class='ocrx_word' id='word_1_155' title='bbox 2664 2109 3055 2188; x_wconf 76' lang='lat' dir='ltr'><strong>declarat,‘¹)</strong></span> <span class='ocrx_word' id='word_1_156' title='bbox 3105 2115 3222 2189; x_wconf 91' lang='lat' dir='ltr'><strong>qui</strong></span> 
     </span>
     <span class='ocr_line' id='line_1_18' title="bbox 511 2210 3223 2291; baseline 0.003 -20"><span class='ocrx_word' id='word_1_157' title='bbox 511 2216 904 2290; x_wconf 88' lang='lat' dir='ltr'><strong>utrumque,</strong></span> <span class='ocrx_word' id='word_1_158' title='bbox 969 2229 1124 2274; x_wconf 89' lang='lat' dir='ltr'><strong>cum</strong></span> <span class='ocrx_word' id='word_1_159' title='bbox 1183 2210 1490 2274; x_wconf 88' lang='lat' dir='ltr'><strong>Graecus</strong></span> <span class='ocrx_word' id='word_1_160' title='bbox 1548 2219 1748 2288; x_wconf 86' lang='lat' dir='ltr'><strong>esset,</strong></span> <span class='ocrx_word' id='word_1_161' title='bbox 1798 2229 2141 2291; x_wconf 78' lang='lat' dir='ltr'><strong>nusquam</strong></span> <span class='ocrx_word' id='word_1_162' title='bbox 2192 2213 2449 2277; x_wconf 87' lang='lat' dir='ltr'><strong>Graece</strong></span> <span class='ocrx_word' id='word_1_163' title='bbox 2499 2215 2988 2278; x_wconf 86' lang='lat' dir='ltr'><strong>declamavisse</strong></span> <span class='ocrx_word' id='word_1_164' title='bbox 3036 2215 3223 2278; x_wconf 86' lang='lat' dir='ltr'><strong>dicit.</strong></span> 
     </span>
     <span class='ocr_line' id='line_1_19' title="bbox 507 2315 2778 2387; baseline 0.001 -10"><span class='ocrx_word' id='word_1_165' title='bbox 507 2315 732 2387; x_wconf 83' lang='lat' dir='ltr'><strong>Quare</strong></span> <span class='ocrx_word' id='word_1_166' title='bbox 779 2333 900 2380; x_wconf 91' lang='lat' dir='ltr'><strong>eos</strong></span> <span class='ocrx_word' id='word_1_167' title='bbox 948 2317 1154 2378; x_wconf 89' lang='lat' dir='ltr'><strong>Plotii</strong></span> <span class='ocrx_word' id='word_1_168' title='bbox 1203 2315 1591 2379; x_wconf 86' lang='lat' dir='ltr'><strong>doctrinam</strong></span> <span class='ocrx_word' id='word_1_169' title='bbox 1638 2323 1937 2379; x_wconf 87' lang='lat' dir='ltr'><strong>sectatos</strong></span> <span class='ocrx_word' id='word_1_170' title='bbox 1984 2334 2134 2380; x_wconf 90' lang='lat' dir='ltr'><strong>esse</strong></span> <span class='ocrx_word' id='word_1_171' title='bbox 2167 2318 2475 2381; x_wconf 88' lang='lat' dir='ltr'><strong>Marxius</strong></span> <span class='ocrx_word' id='word_1_172' title='bbox 2524 2321 2778 2382; x_wconf 83' lang='lat' dir='ltr'><strong>statuit.</strong></span> 
     </span>
    </p>

    <p class='ocr_par' dir='ltr' id='par_1_4' title="bbox 500 2418 3222 3024">
     <span class='ocr_line' id='line_1_20' title="bbox 710 2418 3218 2500; baseline 0.002 -19"><span class='ocrx_word' id='word_1_173' title='bbox 710 2418 841 2490; x_wconf 88' lang='lat' dir='ltr'><strong>Qui</strong></span> <span class='ocrx_word' id='word_1_174' title='bbox 863 2419 974 2482; x_wconf 84' lang='lat' dir='ltr'><strong>vir</strong></span> <span class='ocrx_word' id='word_1_175' title='bbox 1013 2420 1454 2484; x_wconf 90' lang='lat' dir='ltr'><strong>doctissimus</strong></span> <span class='ocrx_word' id='word_1_176' title='bbox 1492 2420 1674 2483; x_wconf 88' lang='lat' dir='ltr'><strong>idem</strong></span> <span class='ocrx_word' id='word_1_177' title='bbox 1697 2422 1936 2484; x_wconf 88' lang='lat' dir='ltr'><strong>odium</strong></span> <span class='ocrx_word' id='word_1_178' title='bbox 1968 2421 2041 2484; x_wconf 89' lang='lat' dir='ltr'><strong>in</strong></span> <span class='ocrx_word' id='word_1_179' title='bbox 2064 2423 2322 2484; x_wconf 88' lang='lat' dir='ltr'><strong>saturis</strong></span> <span class='ocrx_word' id='word_1_180' title='bbox 2344 2423 2690 2486; x_wconf 88' lang='lat' dir='ltr'><strong>Iuvenalis</strong></span> <span class='ocrx_word' id='word_1_181' title='bbox 2709 2425 3021 2486; x_wconf 84' lang='lat' dir='ltr'><strong>invenire</strong></span> <span class='ocrx_word' id='word_1_182' title='bbox 3038 2425 3218 2500; x_wconf 84' lang='lat' dir='ltr'><strong>vult;</strong></span> 
     </span>
     <span class='ocr_line' id='line_1_21' title="bbox 503 2521 3222 2604; baseline 0 -17"><span class='ocrx_word' id='word_1_183' title='bbox 503 2525 668 2587; x_wconf 80' lang='lat' dir='ltr'><strong>dicit</strong></span> <span class='ocrx_word' id='word_1_184' title='bbox 687 2525 868 2587; x_wconf 85' lang='lat' dir='ltr'><strong>enim</strong></span> <span class='ocrx_word' id='word_1_185' title='bbox 903 2527 989 2604; x_wconf 87' lang='lat' dir='ltr'><strong>(p.</strong></span> <span class='ocrx_word' id='word_1_186' title='bbox 1017 2526 1167 2603; x_wconf 84' lang='lat'>148)</span> <span class='ocrx_word' id='word_1_187' title='bbox 1203 2521 1630 2586; x_wconf 74' lang='lat' dir='ltr'><strong>clarissimum</strong></span> <span class='ocrx_word' id='word_1_188' title='bbox 1648 2533 1863 2586; x_wconf 80' lang='lat' dir='ltr'><strong>autem</strong></span> <span class='ocrx_word' id='word_1_189' title='bbox 1880 2522 2013 2588; x_wconf 74' lang='lat' dir='ltr'><strong>odii</strong></span> <span class='ocrx_word' id='word_1_190' title='bbox 2042 2533 2263 2588; x_wconf 78' lang='lat' dir='ltr'><strong>contra</strong></span> <span class='ocrx_word' id='word_1_191' title='bbox 2288 2523 2560 2588; x_wconf 78' lang='lat' dir='ltr'><strong>Graecos</strong></span> <span class='ocrx_word' id='word_1_192' title='bbox 2580 2527 3001 2590; x_wconf 71' lang='lat' dir='ltr'><strong>testimoniavit</strong></span> <span class='ocrx_word' id='word_1_193' title='bbox 3020 2535 3222 2589; x_wconf 73' lang='lat' dir='ltr'><strong>exstat</strong></span> 
     </span>
     <span class='ocr_line' id='line_1_22' title="bbox 500 2625 3222 2713; baseline 0.003 -24"><span class='ocrx_word' id='word_1_194' title='bbox 500 2628 569 2689; x_wconf 80' lang='lat' dir='ltr'><strong>in</strong></span> <span class='ocrx_word' id='word_1_195' title='bbox 601 2625 936 2690; x_wconf 77' lang='lat' dir='ltr'><strong>Iuvenalis</strong></span> <span class='ocrx_word' id='word_1_196' title='bbox 964 2626 1238 2691; x_wconf 77' lang='lat' dir='ltr'><strong>rhetoris</strong></span> <span class='ocrx_word' id='word_1_197' title='bbox 1267 2625 1496 2691; x_wconf 75' lang='lat' dir='ltr'><strong>Latini</strong></span> <span class='ocrx_word' id='word_1_198' title='bbox 1539 2630 1780 2691; x_wconf 69' lang='lat' dir='ltr'><strong>satem-is</strong></span> <span class='ocrx_word' id='word_1_199' title='bbox 1812 2627 1937 2692; x_wconf 92' lang='lat' dir='ltr'><strong>III</strong></span> <span class='ocrx_word' id='word_1_200' title='bbox 1980 2629 2073 2691; x_wconf 83' lang='lat'><strong>58</strong></span> <span class='ocrx_word' id='word_1_201' title='bbox 2100 2650 2249 2712; x_wconf 90' lang='lat' dir='ltr'><strong>sqq.</strong></span> <span class='ocrx_word' id='word_1_202' title='bbox 2287 2633 2789 2712; x_wconf 89' lang='lat' dir='ltr'><strong>Inquirendum</strong></span> <span class='ocrx_word' id='word_1_203' title='bbox 2834 2633 3051 2713; x_wconf 86' lang='lat' dir='ltr'><strong>igitur</strong></span> <span class='ocrx_word' id='word_1_204' title='bbox 3098 2640 3222 2709; x_wconf 87' lang='lat' dir='ltr'><strong>est,</strong></span> 
     </span>
     <span class='ocr_line' id='line_1_23' title="bbox 501 2733 3218 2814; baseline 0.001 -18"><span class='ocrx_word' id='word_1_205' title='bbox 501 2751 664 2796; x_wconf 90' lang='lat' dir='ltr'><strong>num</strong></span> <span class='ocrx_word' id='word_1_206' title='bbox 714 2733 1060 2798; x_wconf 85' lang='lat' dir='ltr'><strong>Iuvenalis</strong></span> <span class='ocrx_word' id='word_1_207' title='bbox 1106 2735 1348 2798; x_wconf 88' lang='lat' dir='ltr'><strong>eodem</strong></span> <span class='ocrx_word' id='word_1_208' title='bbox 1397 2735 1605 2798; x_wconf 87' lang='lat' dir='ltr'><strong>modo</strong></span> <span class='ocrx_word' id='word_1_209' title='bbox 1653 2742 1861 2814; x_wconf 90' lang='lat' dir='ltr'><strong>atque</strong></span> <span class='ocrx_word' id='word_1_210' title='bbox 1908 2736 2226 2800; x_wconf 86' lang='lat' dir='ltr'><strong>rhetores</strong></span> <span class='ocrx_word' id='word_1_211' title='bbox 2266 2737 2494 2800; x_wconf 87' lang='lat' dir='ltr'><strong>Latini</strong></span> <span class='ocrx_word' id='word_1_212' title='bbox 2534 2737 2815 2802; x_wconf 90' lang='lat' dir='ltr'><strong>Graecis</strong></span> <span class='ocrx_word' id='word_1_213' title='bbox 2854 2739 3218 2802; x_wconf 81' lang='lat' dir='ltr'><strong>infestissi-</strong></span> 
     </span>
     <span class='ocr_line' id='line_1_24' title="bbox 500 2839 3217 2922; baseline 0.002 -21"><span class='ocrx_word' id='word_1_214' title='bbox 500 2857 652 2901; x_wconf 91' lang='lat' dir='ltr'><strong>mus</strong></span> <span class='ocrx_word' id='word_1_215' title='bbox 720 2840 946 2903; x_wconf 85' lang='lat' dir='ltr'><strong>fuerit.</strong></span> <span class='ocrx_word' id='word_1_216' title='bbox 1013 2839 1238 2918; x_wconf 91' lang='lat' dir='ltr'><strong>Atque</strong></span> <span class='ocrx_word' id='word_1_217' title='bbox 1301 2842 1600 2918; x_wconf 91' lang='lat' dir='ltr'><strong>primum</strong></span> <span class='ocrx_word' id='word_1_218' title='bbox 1670 2841 1949 2919; x_wconf 89' lang='lat' dir='ltr'><strong>quidem</strong></span> <span class='ocrx_word' id='word_1_219' title='bbox 1997 2859 2262 2920; x_wconf 87' lang='lat' dir='ltr'><strong>versus,</strong></span> <span class='ocrx_word' id='word_1_220' title='bbox 2330 2843 2415 2906; x_wconf 88' lang='lat' dir='ltr'><strong>de</strong></span> <span class='ocrx_word' id='word_1_221' title='bbox 2484 2842 2735 2922; x_wconf 90' lang='lat' dir='ltr'><strong>quibus</strong></span> <span class='ocrx_word' id='word_1_222' title='bbox 2800 2861 3030 2908; x_wconf 87' lang='lat' dir='ltr'><strong>sermo</strong></span> <span class='ocrx_word' id='word_1_223' title='bbox 3096 2849 3217 2920; x_wconf 88' lang='lat' dir='ltr'><strong>est,</strong></span> 
     </span>
     <span class='ocr_line' id='line_1_25' title="bbox 501 2961 849 3024; baseline -0.003 -19"><span class='ocrx_word' id='word_1_224' title='bbox 501 2961 849 3024; x_wconf 89' lang='lat' dir='ltr'><strong>propono:</strong></span> 
     </span>
    </p>
   </div>
   <div class='ocr_carea' id='block_1_3' title="bbox 708 3096 3209 4336">
    <p class='ocr_par' dir='ltr' id='par_1_5' title="bbox 708 3096 2713 3186">
     <span class='ocr_line' id='line_1_26' title="bbox 708 3096 2713 3186; baseline 0.002 -24"><span class='ocrx_word' id='word_1_225' title='bbox 708 3101 924 3178; x_wconf 76' lang='lat'>111‚58</span> <span class='ocrx_word' id='word_1_226' title='bbox 967 3096 1145 3169; x_wconf 77' lang='lat' dir='ltr'><strong>Quae</strong></span> <span class='ocrx_word' id='word_1_227' title='bbox 1191 3119 1356 3162; x_wconf 50' lang='lat' dir='ltr'><strong>&#39;necne</strong></span> <span class='ocrx_word' id='word_1_228' title='bbox 1402 3097 1712 3162; x_wconf 70' lang='lat' dir='ltr'><strong>divit-ibus</strong></span> <span class='ocrx_word' id='word_1_229' title='bbox 1752 3120 1906 3186; x_wconf 70' lang='lat' dir='ltr'><strong>qens</strong></span> <span class='ocrx_word' id='word_1_230' title='bbox 1952 3102 2401 3186; x_wconf 68' lang='lat' dir='ltr'><strong>acceptissima</strong></span> <span class='ocrx_word' id='word_1_231' title='bbox 2449 3105 2713 3182; x_wconf 71' lang='lat' dir='ltr'><strong>nostris,</strong></span> 
     </span>
    </p>

    <p class='ocr_par' dir='ltr' id='par_1_6' title="bbox 959 3202 2604 3292">
     <span class='ocr_line' id='line_1_27' title="bbox 959 3202 2604 3292; baseline 0.004 -28"><span class='ocrx_word' id='word_1_232' title='bbox 959 3210 1016 3264; x_wconf 76' lang='lat' dir='ltr'><strong>et</strong></span> <span class='ocrx_word' id='word_1_233' title='bbox 1067 3225 1225 3288; x_wconf 74' lang='lat' dir='ltr'><strong>qnos</strong></span> <span class='ocrx_word' id='word_1_234' title='bbox 1261 3202 1624 3288; x_wconf 71' lang='lat' dir='ltr'><strong>praecipue</strong></span> <span class='ocrx_word' id='word_1_235' title='bbox 1652 3206 1939 3291; x_wconf 64' lang='lat' dir='ltr'><strong>fugiam,</strong></span> <span class='ocrx_word' id='word_1_236' title='bbox 1988 3205 2354 3291; x_wconf 67' lang='lat' dir='ltr'><strong>propera-bo</strong></span> <span class='ocrx_word' id='word_1_237' title='bbox 2384 3207 2604 3292; x_wconf 77' lang='lat' dir='ltr'><strong>fateri</strong></span> 
     </span>
    </p>

    <p class='ocr_par' dir='ltr' id='par_1_7' title="bbox 837 3305 3209 3815">
     <span class='ocr_line' id='line_1_28' title="bbox 837 3305 2949 3396; baseline 0.005 -30"><span class='ocrx_word' id='word_1_238' title='bbox 837 3317 914 3369; x_wconf 78' lang='grc'><strong>60</strong></span> <span class='ocrx_word' id='word_1_239' title='bbox 952 3329 1067 3369; x_wconf 83' lang='lat' dir='ltr'><strong>nec</strong></span> <span class='ocrx_word' id='word_1_240' title='bbox 1105 3305 1325 3391; x_wconf 69' lang='lat' dir='ltr'><strong>pudor</strong></span> <span class='ocrx_word' id='word_1_241' title='bbox 1370 3306 1660 3392; x_wconf 71' lang='lat' dir='ltr'><strong>opstabit.</strong></span> <span class='ocrx_word' id='word_1_242' title='bbox 1709 3309 1882 3373; x_wconf 77' lang='lat' dir='ltr'><strong>Non</strong></span> <span class='ocrx_word' id='word_1_243' title='bbox 1919 3334 2227 3394; x_wconf 57' lang='lat' dir='ltr'><strong>pos-suum</strong></span> <span class='ocrx_word' id='word_1_244' title='bbox 2262 3313 2518 3396; x_wconf 83' lang='lat' dir='ltr'><strong>ferre,</strong></span> <span class='ocrx_word' id='word_1_245' title='bbox 2575 3311 2949 3396; x_wconf 73' lang='lat' dir='ltr'><strong>Quirites,</strong></span> 
     </span>
     <span class='ocr_line' id='line_1_29' title="bbox 961 3409 3209 3503; baseline 0.004 -31"><span class='ocrx_word' id='word_1_246' title='bbox 961 3409 1336 3475; x_wconf 77' lang='lat' dir='ltr'><strong>Graecam</strong></span> <span class='ocrx_word' id='word_1_247' title='bbox 1371 3411 1646 3489; x_wconf 73' lang='grc' dir='ltr'><strong><em>ιιΊ-ὒεπις</em></strong></span> <span class='ocrx_word' id='word_1_248' title='bbox 1683 3415 2030 3501; x_wconf 69' lang='lat' dir='ltr'><strong>quamvis</strong></span> <span class='ocrx_word' id='word_1_249' title='bbox 2063 3425 2273 3502; x_wconf 71' lang='lat' dir='ltr'><strong>quom</strong></span> <span class='ocrx_word' id='word_1_250' title='bbox 2294 3413 2855 3503; x_wconf 46' lang='lat' dir='ltr'><strong>portio-faecis,</strong></span> <span class='ocrx_word' id='word_1_251' title='bbox 2878 3417 3209 3482; x_wconf 75' lang='lat' dir='ltr'><strong>Achaei?</strong></span> 
     </span>
     <span class='ocr_line' id='line_1_30' title="bbox 962 3514 2735 3603; baseline 0.005 -26"><span class='ocrx_word' id='word_1_252' title='bbox 962 3514 1102 3579; x_wconf 70' lang='lat' dir='ltr'><strong>Iam.</strong></span> <span class='ocrx_word' id='word_1_253' title='bbox 1141 3515 1398 3600; x_wconf 69' lang='lat' dir='ltr'><strong>pridem</strong></span> <span class='ocrx_word' id='word_1_254' title='bbox 1443 3515 1648 3594; x_wconf 73' lang='lat' dir='ltr'><strong>Syrus</strong></span> <span class='ocrx_word' id='word_1_255' title='bbox 1693 3520 1761 3582; x_wconf 79' lang='lat' dir='ltr'><strong>in</strong></span> <span class='ocrx_word' id='word_1_256' title='bbox 1819 3517 2089 3584; x_wconf 82' lang='lat' dir='ltr'><strong>Tiberim</strong></span> <span class='ocrx_word' id='word_1_257' title='bbox 2132 3519 2393 3603; x_wconf 62' lang='lat' dir='ltr'><strong>desta-‘nit</strong></span> <span class='ocrx_word' id='word_1_258' title='bbox 2446 3520 2735 3601; x_wconf 72' lang='lat' dir='ltr'><strong>Orontes,</strong></span> 
     </span>
     <span class='ocr_line' id='line_1_31' title="bbox 965 3619 2625 3707; baseline 0.005 -26"><span class='ocrx_word' id='word_1_259' title='bbox 965 3629 1019 3682; x_wconf 76' lang='lat' dir='ltr'><strong>et</strong></span> <span class='ocrx_word' id='word_1_260' title='bbox 1069 3619 1358 3707; x_wconf 67' lang='lat' dir='ltr'><strong>linquam</strong></span> <span class='ocrx_word' id='word_1_261' title='bbox 1402 3630 1464 3684; x_wconf 75' lang='lat' dir='ltr'><strong>et</strong></span> <span class='ocrx_word' id='word_1_262' title='bbox 1510 3645 1716 3686; x_wconf 76' lang='lat' dir='ltr'><strong>mores</strong></span> <span class='ocrx_word' id='word_1_263' title='bbox 1761 3631 1817 3686; x_wconf 83' lang='lat' dir='ltr'><strong>et</strong></span> <span class='ocrx_word' id='word_1_264' title='bbox 1864 3646 2004 3686; x_wconf 81' lang='lat' dir='ltr'><strong>cum</strong></span> <span class='ocrx_word' id='word_1_265' title='bbox 2049 3623 2303 3688; x_wconf 75' lang='lat' dir='ltr'><strong>tibicine</strong></span> <span class='ocrx_word' id='word_1_266' title='bbox 2349 3623 2625 3690; x_wconf 68' lang='lat' dir='ltr'><strong>chordas</strong></span> 
     </span>
     <span class='ocr_line' id='line_1_32' title="bbox 967 3724 2497 3815; baseline 0.005 -29"><span class='ocrx_word' id='word_1_267' title='bbox 967 3724 1259 3814; x_wconf 72' lang='lat' dir='ltr'><strong>obliquas</strong></span> <span class='ocrx_word' id='word_1_268' title='bbox 1305 3748 1418 3790; x_wconf 80' lang='lat' dir='ltr'><strong>nec</strong></span> <span class='ocrx_word' id='word_1_269' title='bbox 1462 3749 1586 3791; x_wconf 77' lang='lat' dir='ltr'><strong>non</strong></span> <span class='ocrx_word' id='word_1_270' title='bbox 1629 3727 1898 3812; x_wconf 47' lang='lat' dir='ltr'><strong>,qentilia</strong></span> <span class='ocrx_word' id='word_1_271' title='bbox 1944 3738 2245 3815; x_wconf 71' lang='lat' dir='ltr'><strong>tmnpana</strong></span> <span class='ocrx_word' id='word_1_272' title='bbox 2288 3753 2497 3794; x_wconf 79' lang='lat' dir='ltr'><strong>secum</strong></span> 
     </span>
    </p>

    <p class='ocr_par' dir='ltr' id='par_1_8' title="bbox 845 3821 2752 4336">
     <span class='ocr_line' id='line_1_33' title="bbox 845 3821 2581 3921; baseline 0.005 -29"><span class='ocrx_word' id='word_1_273' title='bbox 845 3842 920 3895; x_wconf 81' lang='lat'><strong>65</strong></span> <span class='ocrx_word' id='word_1_274' title='bbox 957 3831 1132 3894; x_wconf 60' lang='lat' dir='ltr'><strong>vexit</strong></span> <span class='ocrx_word' id='word_1_275' title='bbox 1177 3841 1234 3896; x_wconf 74' lang='lat' dir='ltr'><strong>et</strong></span> <span class='ocrx_word' id='word_1_276' title='bbox 1281 3821 1372 3894; x_wconf 76' lang='grc' dir='ltr'><em>αᾶ</em></span> <span class='ocrx_word' id='word_1_277' title='bbox 1415 3833 1658 3896; x_wconf 79' lang='lat' dir='ltr'><strong>circum</strong></span> <span class='ocrx_word' id='word_1_278' title='bbox 1703 3834 1925 3898; x_wconf 75' lang='lat' dir='ltr'><strong>iussas</strong></span> <span class='ocrx_word' id='word_1_279' title='bbox 1962 3844 2267 3921; x_wconf 72' lang='lat' dir='ltr'><strong>prostare</strong></span> <span class='ocrx_word' id='word_1_280' title='bbox 2306 3835 2581 3920; x_wconf 69' lang='lat' dir='ltr'><strong>puellas.</strong></span> 
     </span>
     <span class='ocr_line' id='line_1_34' title="bbox 955 3935 2752 4025; baseline 0.003 -27"><span class='ocrx_word' id='word_1_281' title='bbox 955 3935 1073 4016; x_wconf 75' lang='lat' dir='ltr'><strong>Ite,</strong></span> <span class='ocrx_word' id='word_1_282' title='bbox 1119 3936 1345 4020; x_wconf 71' lang='lat' dir='ltr'><strong>quibus</strong></span> <span class='ocrx_word' id='word_1_283' title='bbox 1389 3946 1592 4023; x_wconf 69' lang='lat' dir='ltr'><strong>yram</strong></span> <span class='ocrx_word' id='word_1_284' title='bbox 1637 3948 1726 4002; x_wconf 75' lang='lat' dir='ltr'><strong>est</strong></span> <span class='ocrx_word' id='word_1_285' title='bbox 1763 3941 1953 4024; x_wconf 72' lang='lat' dir='ltr'><strong>picta</strong></span> <span class='ocrx_word' id='word_1_286' title='bbox 2000 3939 2152 4025; x_wconf 72' lang='grc' dir='ltr'><strong>Ζιψα</strong></span> <span class='ocrx_word' id='word_1_287' title='bbox 2196 3941 2486 4004; x_wconf 81' lang='lat' dir='ltr'><strong>barbara</strong></span> <span class='ocrx_word' id='word_1_288' title='bbox 2532 3942 2752 4004; x_wconf 76' lang='lat' dir='ltr'><strong>mitra.</strong></span> 
     </span>
     <span class='ocr_line' id='line_1_35' title="bbox 953 4040 2654 4130; baseline 0.002 -26"><span class='ocrx_word' id='word_1_289' title='bbox 953 4040 1259 4106; x_wconf 70' lang='lat' dir='ltr'><strong>Rusticus</strong></span> <span class='ocrx_word' id='word_1_290' title='bbox 1303 4041 1412 4106; x_wconf 71' lang='lat' dir='ltr'><strong>ille</strong></span> <span class='ocrx_word' id='word_1_291' title='bbox 1459 4051 1605 4106; x_wconf 68' lang='grc' dir='ltr'><strong><em>ίιιιιε</em></strong></span> <span class='ocrx_word' id='word_1_292' title='bbox 1651 4046 1837 4108; x_wconf 62' lang='lat' dir='ltr'><strong>&amp;notit</strong></span> <span class='ocrx_word' id='word_1_293' title='bbox 1886 4045 2318 4130; x_wconf 74' lang='lat' dir='ltr'><strong>trecleediJma,</strong></span> <span class='ocrx_word' id='word_1_294' title='bbox 2374 4045 2654 4123; x_wconf 75' lang='lat' dir='ltr'><strong>Quirine,</strong></span> 
     </span>
     <span class='ocr_line' id='line_1_36' title="bbox 960 4145 2197 4234; baseline 0.002 -25"><span class='ocrx_word' id='word_1_295' title='bbox 960 4156 1016 4209; x_wconf 77' lang='lat' dir='ltr'><strong>el</strong></span> <span class='ocrx_word' id='word_1_296' title='bbox 1066 4147 1432 4211; x_wconf 74' lang='lat' dir='ltr'><strong>ceromatico</strong></span> <span class='ocrx_word' id='word_1_297' title='bbox 1463 4145 1614 4234; x_wconf 74' lang='lat' dir='ltr'><strong>fert</strong></span> <span class='ocrx_word' id='word_1_298' title='bbox 1658 4150 1969 4213; x_wconf 74' lang='lat' dir='ltr'><strong>niceteria</strong></span> <span class='ocrx_word' id='word_1_299' title='bbox 2020 4149 2197 4214; x_wconf 78' lang='lat' dir='ltr'><strong>collo.</strong></span> 
     </span>
     <span class='ocr_line' id='line_1_37' title="bbox 959 4250 2554 4336; baseline 0.003 -23"><span class='ocrx_word' id='word_1_300' title='bbox 959 4251 1082 4314; x_wconf 79' lang='lat' dir='ltr'><strong>Hic</strong></span> <span class='ocrx_word' id='word_1_301' title='bbox 1129 4251 1270 4316; x_wconf 72' lang='lat' dir='ltr'><strong>alta</strong></span> <span class='ocrx_word' id='word_1_302' title='bbox 1315 4250 1606 4333; x_wconf 77' lang='lat' dir='ltr'><strong>Sicyone,</strong></span> <span class='ocrx_word' id='word_1_303' title='bbox 1651 4263 1752 4317; x_wconf 76' lang='lat' dir='ltr'><strong>ast</strong></span> <span class='ocrx_word' id='word_1_304' title='bbox 1798 4254 1901 4318; x_wconf 76' lang='lat' dir='ltr'><strong>hic</strong></span> <span class='ocrx_word' id='word_1_305' title='bbox 1946 4255 2264 4332; x_wconf 65' lang='lat' dir='ltr'><strong>Amydone</strong></span> <span class='ocrx_word' id='word_1_306' title='bbox 2316 4253 2554 4336; x_wconf 75' lang='lat' dir='ltr'><strong>relicta,</strong></span> 
     </span>
    </p>
   </div>
   <div class='ocr_carea' id='block_1_4' title="bbox 578 4413 906 4420">
    <p class='ocr_par' dir='ltr' id='par_1_9' title="bbox 578 4413 906 4420">
     <span class='ocr_line' id='line_1_38' title="bbox 578 4413 906 4420; baseline 0 689"><span class='ocrx_word' id='word_1_307' title='bbox 578 4413 906 4420; x_wconf 95' lang='lat' dir='ltr'><strong> </strong></span> 
     </span>
    </p>
   </div>
   <div class='ocr_carea' id='block_1_5' title="bbox 492 4495 3199 4912">
    <p class='ocr_par' dir='ltr' id='par_1_10' title="bbox 706 4495 1357 4562">
     <span class='ocr_line' id='line_1_39' title="bbox 706 4495 1357 4562; baseline 0.011 -17"><span class='ocrx_word' id='word_1_308' title='bbox 706 4495 746 4560; x_wconf 84' lang='lat'><strong>¹)</strong></span> <span class='ocrx_word' id='word_1_309' title='bbox 785 4498 819 4545; x_wconf 93' lang='lat' dir='ltr'><strong>l.</strong></span> <span class='ocrx_word' id='word_1_310' title='bbox 860 4512 902 4548; x_wconf 88' lang='lat' dir='ltr'><strong>s.</strong></span> <span class='ocrx_word' id='word_1_311' title='bbox 941 4512 982 4548; x_wconf 86' lang='lat' dir='ltr'><strong>s.</strong></span> <span class='ocrx_word' id='word_1_312' title='bbox 1023 4513 1075 4562; x_wconf 90' lang='lat' dir='ltr'><strong>p.</strong></span> <span class='ocrx_word' id='word_1_313' title='bbox 1118 4502 1216 4550; x_wconf 84' lang='lat'><strong>152</strong></span> <span class='ocrx_word' id='word_1_314' title='bbox 1235 4513 1357 4562; x_wconf 82' lang='lat' dir='ltr'><strong>sqq.</strong></span> 
     </span>
    </p>

    <p class='ocr_par' dir='ltr' id='par_1_11' title="bbox 699 4585 1415 4649">
     <span class='ocr_line' id='line_1_40' title="bbox 699 4585 1415 4649; baseline 0.003 -15"><span class='ocrx_word' id='word_1_315' title='bbox 699 4586 740 4644; x_wconf 79' lang='grc'><strong>2)</strong></span> <span class='ocrx_word' id='word_1_316' title='bbox 783 4585 944 4635; x_wconf 80' lang='lat' dir='ltr'><strong>Marx</strong></span> <span class='ocrx_word' id='word_1_317' title='bbox 981 4585 1016 4636; x_wconf 89' lang='lat'><strong>1.</strong></span> <span class='ocrx_word' id='word_1_318' title='bbox 1053 4599 1094 4636; x_wconf 80' lang='lat' dir='ltr'><strong>s.</strong></span> <span class='ocrx_word' id='word_1_319' title='bbox 1134 4599 1176 4637; x_wconf 80' lang='lat' dir='ltr'><strong>s.</strong></span> <span class='ocrx_word' id='word_1_320' title='bbox 1215 4600 1272 4649; x_wconf 85' lang='lat' dir='ltr'><strong>p.</strong></span> <span class='ocrx_word' id='word_1_321' title='bbox 1302 4589 1415 4638; x_wconf 84' lang='lat'><strong>115.</strong></span> 
     </span>
    </p>

    <p class='ocr_par' dir='ltr' id='par_1_12' title="bbox 492 4671 3199 4812">
     <span class='ocr_line' id='line_1_41' title="bbox 701 4671 3199 4742; baseline 0.002 -20"><span class='ocrx_word' id='word_1_322' title='bbox 701 4673 741 4734; x_wconf 77' lang='lat'><strong>³)</strong></span> <span class='ocrx_word' id='word_1_323' title='bbox 781 4673 853 4722; x_wconf 83' lang='lat' dir='ltr'><strong>ad</strong></span> <span class='ocrx_word' id='word_1_324' title='bbox 880 4686 1007 4723; x_wconf 81' lang='lat' dir='ltr'><strong>ann.</strong></span> <span class='ocrx_word' id='word_1_325' title='bbox 1037 4673 1170 4724; x_wconf 77' lang='lat' dir='ltr'><strong>Abr.</strong></span> <span class='ocrx_word' id='word_1_326' title='bbox 1211 4676 1346 4726; x_wconf 78' lang='lat'><strong>2004</strong></span> <span class='ocrx_word' id='word_1_327' title='bbox 1389 4674 1474 4738; x_wconf 84' lang='lat'><strong>[=</strong></span> <span class='ocrx_word' id='word_1_328' title='bbox 1494 4675 1590 4725; x_wconf 74' lang='lat'><strong>&#39;141</strong></span> <span class='ocrx_word' id='word_1_329' title='bbox 1600 4671 1710 4742; x_wconf 81' lang='lat' dir='ltr'><strong><em>l33]</em></strong></span> <span class='ocrx_word' id='word_1_330' title='bbox 1749 4674 1811 4726; x_wconf 90' lang='lat' dir='ltr'><strong>L.</strong></span> <span class='ocrx_word' id='word_1_331' title='bbox 1855 4673 2055 4726; x_wconf 68' lang='lat' dir='ltr'><strong>Gentius</strong></span> <span class='ocrx_word' id='word_1_332' title='bbox 2092 4675 2216 4726; x_wconf 66' lang='lat' dir='ltr'><strong>Hm</strong></span> <span class='ocrx_word' id='word_1_333' title='bbox 2240 4678 2553 4741; x_wconf 66' lang='lat' dir='ltr'><strong>Smyrnaeus</strong></span> <span class='ocrx_word' id='word_1_334' title='bbox 2588 4675 2757 4728; x_wconf 73' lang='lat' dir='ltr'><strong>rhetor</strong></span> <span class='ocrx_word' id='word_1_335' title='bbox 2793 4677 2980 4729; x_wconf 73' lang='lat' dir='ltr'><strong>Latine</strong></span> <span class='ocrx_word' id='word_1_336' title='bbox 3005 4677 3199 4730; x_wconf 83' lang='lat' dir='ltr'><strong>Romae</strong></span> 
     </span>
     <span class='ocr_line' id='line_1_42' title="bbox 492 4757 670 4812; baseline 0.034 -6"><span class='ocrx_word' id='word_1_337' title='bbox 492 4757 670 4812; x_wconf 74' lang='lat' dir='ltr'><strong>docuit.</strong></span> 
     </span>
    </p>

    <p class='ocr_par' dir='ltr' id='par_1_13' title="bbox 701 4849 1407 4912">
     <span class='ocr_line' id='line_1_43' title="bbox 701 4849 1407 4912; baseline -0.001 -13"><span class='ocrx_word' id='word_1_338' title='bbox 701 4849 740 4911; x_wconf 81' lang='lat'><strong>⁴)</strong></span> <span class='ocrx_word' id='word_1_339' title='bbox 781 4849 1044 4900; x_wconf 80' lang='lat' dir='ltr'><strong>Controv.</strong></span> <span class='ocrx_word' id='word_1_340' title='bbox 1086 4849 1162 4899; x_wconf 81' lang='lat' dir='ltr'><strong>IX</strong></span> <span class='ocrx_word' id='word_1_341' title='bbox 1203 4849 1287 4912; x_wconf 78' lang='lat'><strong>26,</strong></span> <span class='ocrx_word' id='word_1_342' title='bbox 1328 4851 1407 4898; x_wconf 84' lang='lat'><strong>13.</strong></span> 
     </span>
    </p>
   </div>
  </div>
 </body>
</html>
