3567 5109
1395 313 1882 376 -127—

483 522 644 588 Ρ47
702 525 921 608 playa.
1005 523 1179 588 Non.
1232 526 1380 604 537,
1433 527 1515 590 19
1585 524 1863 608 ‘grande
1919 524 2195 590 linteum
2252 529 2530 608 tegmen,
2590 523 2767 608 quod
2821 545 2997 590 nunc

264 628 482 696 torale
528 629 630 694 vel
675 629 1059 695 lectuariam
1106 631 1468 714 syndonem
1517 630 1846 696 dicimus'.

484 736 552 800 A
573 739 698 802 668
747 739 1188 820 quadrurbem
1224 765 1312 796 τ...-
1349 735 1654 802 Athenas
1702 739 2133 822 (τετράπολιν).

482 841 724 924 Α264,
772 845 900 908 438
946 845 1218 910 raudus.
1284 842 1545 927 Operae
1593 845 1879 928 pretium
1926 851 2042 922 est,
2088 844 2262 908 unde
2309 844 2474 909 haec
2520 866 2647 909 vox
2684 844 2885 910 ducta
2932 851 2999 910 et

269 949 600 1030 quomodo
647 951 830 1016 notio
877 951 1056 1015 varie
1105 956 1302 1015 aucta
1348 952 1453 1029 sit,
1519 951 1873 1033 inquirere.
1931 951 2204 1016 ·Festus
2254 950 2333 1015 de
2391 970 2469 1015 ea
2517 950 2682 1016 haec
2730 952 2999 1034 exponit

269 1058 362 1138 (p.
405 1058 533 1121 265
583 1055 699 1136 Μ.,
747 1059 877 1123 356
925 1057 1103 1142 Th.):
1148 1057 1375 1122 Rodus
1419 1059 1519 1122 vel
1559 1060 1815 1122 raudus
1858 1058 2193 1142 seym'ficat
2234 1079 2373 1123 rem
2408 1059 2636 1122 rudem
2672 1063 2735 1122 et
2766 1059 2991 1142 inper-

264 1163 521 1245 fectam.
615 1163 794 1227 ,Nam
855 1185 1094 1228 samem
1157 1185 1406 1249 quoque
1468 1165 1724 1228 raudus
1767 1165 2106 1248 appellant
2146 1170 2391 1249 poetae,
2456 1169 2535 1228 ut
2578 1165 2816 1229 Accius
2857 1217 2869 1230 .
2918 1215 2931 1229 .
2979 1217 2991 1228 .

269 1269 516 1352 Vulyus
577 1270 838 1353 quidem
893 1271 968 1334 in
1019 1291 1152 1334 usu
1205 1271 1438 1336 habuit
1487 1293 1622 1336 non
1677 1272 1863 1335 modo
1898 1292 2027 1355 pro
2070 1293 2217 1336 aere
2260 1270 2615 1354 inperfecto
2656 1321 2671 1336 .
2718 1323 2731 1336 .
2778 1322 2824 1352 .,
2888 1271 3001 1335 sed

263 1376 464 1440 etiam
514 1377 769 1460 siqnato
808 1426 824 1442 .
867 1429 880 1442 .
929 1430 940 1442 .
1027 1377 1294 1442 Cincius
1357 1378 1455 1442 De
1500 1377 1712 1443 verbis
1748 1378 1995 1462 pm'see's
2047 1378 2142 1442 sic
2185 1379 2316 1442 ait:
2403 1380 2421 1410 ‘
2441 1377 2997 1454 Quemadmodum

265 1483 482 1546 omnis
524 1484 658 1567 fere
715 1485 988 1550 materia
1040 1506 1177 1548 non
1222 1485 1584 1568 deformata
1633 1485 1825 1548 mdis
1868 1485 2254 1569 appellatur,
2318 1485 2490 1550 sieut
2541 1485 2997 1549 vestimentum

264 1591 471 1673 rude(
462 1591 584 1672 m),
643 1612 780 1656 non
831 1592 1268 1676 pemolz‘tum:
1333 1591 1428 1656 sic
1489 1613 1597 1658 aes
1659 1592 1980 1675 infectum
2034 1593 2243 1656 medus
2284 1642 2298 1657 .
2345 1643 2359 1656 .
2406 1642 2420 1657 .
2466 1643 2479 1656 .
2496 1593 2513 1618 ’
2572 1591 2865 1656 Rudiari
2913 1592 2995 1656 ab

263 1697 478 1762 eodem
539 1697 870 1779 dicuntur,
935 1699 1054 1782 qui
1112 1719 1270 1782 saya
1330 1719 1502 1764 nova
1553 1699 1841 1783 poliunt.
1936 1698 2289 1763 Hominem
2348 1698 2711 1782 inpevitum
2766 1699 2997 1762 medem

265 1803 562 1868 dicimus,
659 1803 958 1888 Quocum
1016 1803 1098 1868 cf.
1147 1804 1406 1868 Livium
1449 1803 1709 1873 XXVI
1760 1807 1883 1890 11,
1930 1806 2140 1870 aeris
2185 1805 2459 1886 acervi,
2515 1825 2667 1868 cum
2709 1805 2997 1868 rudera

265 1910 508 1974 milites
560 1911 868 1994 relv'yz'one
918 1911 1178 1974 inducti
1228 1913 1529 1992 iacerent,
1578 1918 1732 1996 post
1773 1912 2243 1996 profectionem
2300 1911 2705 1976 Hannibalis
2768 1910 2997 1994 mayni

265 2016 538 2082 inventi.
616 2016 866 2084 Vocem
913 2016 1002 2081 ad
1049 2017 1318 2100 stirpem
1366 2019 1578 2082 roudh
1624 2020 1738 2102 (=
1786 2017 2008 2103 ruber)
2055 2018 2381 2102 pertinere
2427 2017 2566 2082 Leo
2614 2016 2882 2101 Meyer²
2927 2022 2995 2081 et

270 2121 648 2188 dubitanter
693 2123 992 2207 Lindsay
1037 2145 1100 2206 p.
1139 2126 1268 2188 286
1317 2129 1711 2190 statuerunt.
1761 2123 1981 2208 Quam
2030 2126 2425 2190 sententiam
2470 2123 2810 2207 amplexus
2856 2123 2993 2189 Ro-

265 2250 498 2295 manos
544 2251 784 2296 nomen
831 2251 872 2294 a
922 2227 1140 2295 Gallis
1188 2231 1524 2313 accepisse
1571 2236 1732 2314 puto
1748 2231 1791 2296 ².
1875 2230 2023 2315 Quo
2071 2230 2391 2298 vocabulo
2442 2229 2677 2296 Gallos
2725 2236 2994 2314 propter

266 2336 552 2402 colorem
597 2358 711 2402 aes
758 2336 1194 2421 appellavisse
1240 2337 1436 2403 facile
1480 2338 1915 2421 intellegitur3
1966 2341 2207 2404 etenim
2242 2338 2513 2403 metalla
2550 2358 2683 2402 non
2722 2359 2871 2402 raro
2912 2359 2993 2402 ex

266 2444 482 2528 colore
539 2464 779 2509 nomen
833 2450 1194 2524 traxerunt,
1258 2444 1435 2508 velut
1489 2450 1857 2528 argentum,
1924 2447 2200 2529 ἄργυρός
2258 2444 2551 2510 eiusdem
2596 2445 2820 2528 stirpis
2868 2451 2990 2523 est,

265 2551 452 2616 cuius
498 2554 716 2636 ἀργῆς,
773 2573 1006 2616 aurum
1053 2550 1346 2616 eiusdem
1393 2557 1594 2636 atque
1641 2573 1901 2630 aurora,
1951 2556 2094 2618 αὔω
2110 2553 2153 2616 ³.
2240 2551 2571 2636 Quoniam
2618 2572 2770 2616 vero
2818 2552 2991 2616 anti-

267 2657 598 2741 quissimis
645 2658 1048 2742 temporibus
1096 2679 1212 2724 aes
1259 2659 1590 2742 signatum
1635 2659 2046 2743 ignorabant,
2072 2661 2255 2743 (nam
2293 2659 2471 2742 quod
2507 2658 2765 2724 Plinius
2800 2657 2887 2724 N.
2927 2658 2991 2722 h.

263 2763 606 2830 XXXIII
653 2769 738 2830 42
803 2786 1022 2850 regem
1089 2764 1387 2831 Servium
1453 2767 1732 2848 primum
1791 2788 1903 2832 aes
1960 2767 2253 2850 signasse
2317 2767 2524 2832 tradit
2582 2765 2713 2831 fide
2779 2771 2988 2844 caret;

266 2868 504 2937 Gallos
551 2878 772 2937 autem
817 2894 968 2938 aere
1017 2872 1167 2937 rudi
1212 2895 1368 2938 usos
1415 2893 1558 2938 esse
1605 2895 1646 2939 a
1693 2874 2093 2940 Cassiodoro
2140 2873 2303 2941 Var.
2352 2871 2395 2936 l.
2433 2871 2575 2939 VII
2622 2875 2707 2938 32
2756 2872 2987 2937 confir-

263 2980 529 3062 matur),
573 2981 770 3045 immo
816 3001 1036 3044 massa
1081 2980 1148 3044 in
1197 2978 1484 3046 frustula
1521 2981 1905 3046 diruebatur
1942 2980 2057 3064 (cf.
2097 2980 2287 3045 Paul.
2326 3001 2405 3045 ex
2441 2979 2619 3044 Fest.
2657 3000 2721 3061 p.
2754 2981 2837 3044 69
2868 2978 2986 3057 Μ.,

264 3087 350 3149 49
399 3084 550 3168 Th.)
617 3091 682 3150 et
727 3085 896 3151 libra
954 3086 1389 3169 pendebatur,
1455 3086 1758 3152 latiorem
1813 3088 1942 3152 vim
2007 3086 2204 3152 frusti
2271 3085 2619 3151 cuiuslibet
2671 3086 2987 3150 materiae

263 3194 514 3257 raudus
578 3213 704 3258 vox
763 3193 1036 3258 induere
1101 3195 1337 3278 potuit,
1405 3215 1536 3277 qua
1593 3195 1862 3260 notione
1910 3195 2215 3277 praedita
2274 3194 2640 3278 antiquitus
2688 3193 2985 3276 genetivo

263 3298 368 3362 vel
413 3299 734 3366 adiectivo
782 3302 1086 3384 apposito
1135 3301 1508 3365 accuratius
1555 3301 1888 3380 definitur,
1937 3300 2138 3366 veluti
2183 3299 2432 3366 Accius
2480 3301 2609 3375 263
2646 3301 2795 3364 saxi
2830 3322 2983 3366 rau·

259 3407 402 3484 dua,
468 3409 596 3471 438
646 3409 897 3472 raudus
939 3430 1210 3474 saxeum
1256 3409 1539 3496 scripsit,
1604 3406 1903 3473 Lucilius
1962 3410 2133 3477 1192
2200 3409 2443 3492 (Marx,
2496 3409 2665 3472 1022
2713 3406 2815 3486 L.,
2872 3405 2986 3474 ΠΙ

261 3515 344 3576 44
393 3512 518 3597 M.)
557 3515 822 3600 plumbi
853 3516 1238 3600 pauxillum
1279 3517 1497 3580 rodus.
1536 3583 1544 3588 ,
1589 3515 1837 3580 Postea
1884 3515 2361 3598 significatione
2416 3513 2731 3598 primaria
2778 3535 2984 3597 prope

261 3618 588 3686 oblivione
636 3621 874 3686 obruta
927 3621 1100 3686 nude
1150 3623 1436 3704 positum
1482 3620 1693 3687 valuit
1745 3625 2043 3708 frustula
2086 3624 2351 3688 minuta
2397 3623 2693 3706 lapidum
2739 3620 2843 3685 vel
2886 3620 2983 3686 la-

257 3733 470 3792 terum
536 3735 604 3793 et
662 3730 734 3793 in
799 3729 1237 3794 architectura
1292 3730 1556 3814 proprie
1611 3731 1709 3794 ita
1763 3728 2279 3794 nominabantur
2335 3730 2566 3814 lapilli,
2635 3729 2747 3812 qui
2804 3727 2983 3793 calce

261 3835 554 3900 admixta
599 3837 688 3901 ad
732 3837 1108 3919 pavimenta
1147 3836 1554 3902 conficienda
1590 3836 2099 3902 adhibebantur.
2147 3836 2300 3901 Hac
2337 3835 2667 3901 sententia
2702 3835 2983 3918 primum

259 3941 438 4024 apud
466 3941 843 4010 Vitruvium
870 3943 1014 4012 VII
1045 3946 1078 4009 1
1113 3949 1347 4024 exstat,
1385 3943 1504 4010 illa
1541 3943 1686 4008 loco
1725 3944 1969 4009 Lucilii
2008 3982 2091 3992 —
2129 3941 2200 4007 in
2237 3942 2463 4008 lexicis
2502 3942 2687 4007 deest
2722 3977 2829 4018 —,
2867 3942 2980 4025 qui

257 4057 527 4133 propter
569 4049 777 4114 Nonii
831 4051 1439 4134 interpretationem
1497 4053 1586 4135 (p.
1633 4052 1812 4136 1814)
1858 4050 2171 4116 notabilis
2227 4055 2345 4114 est.
2438 4047 2680 4114 Lucilii
2726 4069 2983 4112 versum

257 4157 430 4221 enim
477 4159 607 4223 408
655 4156 898 4240 (Marx,
947 4160 1076 4222 346
1113 4156 1216 4237 L.,
1263 4156 1377 4221 XI
1424 4161 1464 4224 5
1513 4157 1632 4242 M.)
1689 4159 1827 4222 vim
1874 4159 1883 4244 Ι
1930 4157 2405 4240 stewzenda<m>
2457 4156 2559 4221 et*
2610 4155 2983 4220 iaciendum

256 4265 382 4328 huc
425 4265 786 4348 a9<9>erem
830 4271 892 4330 et
932 4266 1006 4329 id
1043 4286 1250 4349 yenus
1295 4266 1506 4330 rudus
1549 4263 1662 4328 ille
1712 4263 1834 4328 sub
1881 4263 2187 4328 lemmate
2232 4265 2461 4345 ruduS,
2506 4268 2770 4341 ster-cuc,
2814 4263 2985 4346 quod

471 4457 492 4492 ¹
527 4457 1002 4528 ‘Vergleichende
1042 4457 1392 4512 Grammatik
1432 4458 1531 4511 der
1567 4458 1776 4528 griech.
1814 4458 1929 4511 und
1969 4458 2065 4510 lat.
2106 4456 2379 4526 Sprache’
2417 4473 2472 4526 p.
2504 4457 2625 4511 729.

471 4546 494 4580 ²
529 4546 615 4601 Of.
653 4547 970 4602 Holderum
1008 4547 1440 4601 ‘Altkeltischer
1478 4547 1913 4616 Sprachschatz’
1954 4565 1996 4600 s.
2035 4564 2087 4600 v.
2124 4547 2324 4602 roudos
2360 4548 2454 4614 (=
2492 4550 2624 4615 rot).

470 4636 492 4670 ³
529 4636 601 4690 V.
637 4643 929 4705 praeterea
963 4635 1306 4704 Hesychium
1353 4637 1640 4707 γλουρός·
1686 4638 1780 4704 (=
1811 4636 2004 4689 Attice
2036 4637 2294 4707 χλωρός,
2342 4635 2708 4689 Kretschmer
2745 4633 2977 4688 ‘Einlei·

251 4730 393 4796 tung
429 4726 488 4780 in
527 4725 616 4780 die
657 4725 990 4781 Geschichte
1030 4726 1128 4780 der
1165 4726 1374 4794 griech.
1413 4725 1686 4794 Sprache’
1722 4743 1779 4794 p.
1808 4725 1940 4794 224)
1970 4727 2193 4796 χρυσός
2234 4727 2483 4796 Φρύγες.
2746 4727 2751 4731 “

469 4815 492 4850 ⁴
529 4814 770 4870 Mercier
805 4815 929 4870 viai
947 4817 966 4884 ,Ι
996 4817 1314 4869 sternendae
1350 4815 1606 4869 coniecit.
1657 4883 1664 4888 ι
