3567 5109
1661 332 2095 399 ..54-

731 525 826 590 XI,
865 526 957 578 29:
995 525 1240 575 Vulnere
1276 530 1390 576 tam
1417 522 1423 589 Ι
1447 530 1640 575 tenera
1677 524 1929 575 offensae
1944 519 1965 591 ΙΙ
1984 536 2155 586 quam
2192 524 2375 573 libera
2413 523 2631 588 culpae,

731 612 860 679 XII,
899 615 966 663 10
1002 618 1055 662 et
1093 612 1254 672 XIII,
1293 616 1350 661 5:
1389 612 1436 661 Ο
1475 618 1656 675 pater,
1693 625 1726 660 o
1754 608 1759 677 Ι
1786 612 2028 676 domine,
2066 611 2316 673 indignis
2332 608 2351 678 ΙΙ
2368 610 2502 661 licet
2538 611 2727 661 adnue
2763 612 2961 673 servis,

731 698 880 761 XIV,
917 701 1008 749 61:
1047 699 1266 749 Gaurus
1303 699 1422 757 alit,
1446 696 1453 764 Ι
1476 700 1624 749 laeta
1661 702 1925 749 exercent
1941 694 1960 763 ΙΙ
1980 698 2078 759 qui
2116 698 2355 747 Massica
2394 696 2623 762 quique,

731 786 868 849 (XV,
910 788 1033 837 196:
1073 787 1436 849 Quantasque
1473 800 1541 837 ex
1566 784 1573 852 Ι
1599 787 1831 836 homine
1869 785 2135 836 induerat
2150 782 2170 851 ΙΙ
2189 797 2321 836 caro
2356 784 2587 835 subdita
2623 786 2873 851 poenas),

727 874 877 939 XVI,
916 876 1040 925 141:
1079 874 1262 925 Causa
1299 872 1435 940 tuit!
1465 887 1648 936 neque
1687 874 1875 923 herois
1894 870 1912 939 ΙΙ
1932 873 2235 923 virtutibus
2272 874 2394 939 ista,

731 962 871 1025 XVI,
911 963 1037 1012 289:
1075 962 1402 1019 Servitium,
1428 958 1434 1025 Ι
1458 962 1702 1011 subitam
1739 961 2098 1023 omnipotens
2115 956 2135 1025 ΙΙ
2153 960 2223 1010 de
2258 961 2509 1011 sentibus
2544 973 2741 1027 uvam,

731 1049 876 1115 XVI,
915 1052 1039 1100 178:
1077 1050 1234 1105 Quae
1271 1050 1558 1113 quondam
1585 1050 1590 1117 Ι
1615 1050 1829 1099 mundo
1868 1047 2212 1115 abductumfl
2238 1061 2445 1110 pavere
2480 1045 2830 1113 prophetam,

735 1137 964 1205 (XVIII,
1001 1140 1128 1188 212:
1167 1139 1310 1188 Dum
1349 1135 1867 1203 paucisflmagnum
1906 1138 2123 1199 exiguis
2140 1134 2159 1201 ΙΙ
2177 1148 2287 1198 que
2322 1149 2466 1198 opus
2502 1137 2741 1197 eloquor
2778 1137 2959 1201 orsis),

728 1225 879 1287 XIX,
917 1228 1044 1275 451:
1083 1225 1256 1275 Nocte
1289 1225 1447 1275 netas
1470 1224 1477 1292 Ι
1501 1226 1672 1275 tacita
1711 1225 1958 1286 arripuit
1974 1222 1993 1290 ΙΙ
2010 1224 2286 1285 nulloque
2321 1224 2537 1287 labore,

727 1312 878 1373 XIX,
915 1314 1042 1363 568:
1083 1313 1321 1363 Conscia
1355 1314 1438 1362 sic
1461 1310 1468 1379 Ι
1493 1317 1732 1363 mentem
1772 1312 2015 1375 inpietas
2032 1308 2051 1378 ΙΙ
2072 1315 2420 1369 caecaverat,
2458 1316 2521 1361 ut
2558 1324 2677 1376 nec,

725 1400 840 1464 XX,
880 1402 1005 1450 147:
1047 1400 1136 1450 Me
1173 1400 1355 1451 fateor
1380 1398 1387 1467 Ι
1411 1400 1612 1451 merito
1650 1395 1925 1465 exitiumu
1942 1398 2155 1461 cepisse
2192 1399 2438 1461 patique,

725 1488 844 1553 XX,
881 1489 1009 1537 376:
1051 1488 1284 1550 Ingenio
1310 1484 1316 1553 Ι
1341 1500 1598 1553 porcum,
1636 1483 1957 1551 ignotisllut
1994 1486 2221 1536 tramite
2256 1490 2426 1546 recto,

724 1575 840 1638 XX,
877 1576 976 1624 43:
1011 1575 1254 1625 Felicem
1279 1572 1285 1639 Ι
1310 1575 1482 1638 parili
1521 1574 1744 1625 audivit
1760 1572 1779 1639 ΙΙ
1798 1574 2005 1635 pietate
2040 1574 2338 1639 benignus,

729 1662 873 1720 XXI,
911 1664 1040 1711 644:
1081 1662 1240 1717 Quae
1277 1662 1454 1711 cecini
1475 1659 1494 1727 ΙΙ
1515 1662 1686 1723 digne
1723 1662 2001 1712 ediderim
2022 1658 2042 1727 ΙΙ
2062 1663 2150 1711 vel
2190 1664 2394 1711 cuneta
2432 1661 2667 1723 profusi,

725 1747 925 1809 (XXII,
963 1751 1055 1799 27:
1096 1749 1162 1798 In
1203 1748 1410 1811 quibus
1447 1753 1500 1797 et
1523 1746 1528 1814 Ι
1555 1749 1807 1811 linguam
1846 1760 2109 1799 exercens
2126 1746 2147 1813 ΙΙ
2164 1754 2406 1799 mentem
2444 1761 2675 1809 quoque
2712 1752 3001 1813 sanctam),

725 1835 935 1901 XXIII,
977 1838 1098 1887 153:
1135 1836 1387 1899 Neglexit
1410 1832 1416 1901 Ι
1439 1836 1606 1885 solito
1646 1837 1951 1887 adductum
1970 1831 1989 1902 ΙΙ
2008 1836 2351 1897 restringere
2386 1835 2556 1901 nodo,

726 1924 934 1987 XXlii,
971 1924 1099 1973 258:
1140 1923 1222 1972 Ne
1257 1923 1452 1973 timeat
1476 1920 1482 1989 Ι
1506 1928 1627 1973 tuto
1666 1936 1905 1973 ausurus
1922 1919 1941 1990 ΙΙ
1960 1923 2275 1985 producere
2308 1922 2543 1987 serrum,
2664 1974 2672 1979 ,

724 2010 932 2075 xxm,
970 2012 1096 2059 313:
1137 2010 1404 2072 Martyris
1443 2012 1548 2059 hoe
1571 2008 1578 2077 Ι
1603 2024 1776 2073 opere
1813 2012 2065 2073 ingentes
2084 2007 2103 2075 ΙΙ
2123 2011 2213 2059 cui
2252 2011 2492 2060 contulit
2528 2010 2681 2073 olim,

723 2098 961 2163 (xxm,
995 2100 1123 2148 321:
1160 2099 1435 2148 Proderet
1469 2104 1523 2149 et
1546 2098 1551 2163 Ι
1577 2099 1778 2149 merito
1815 2099 1970 2147 illius
1988 2096 2006 2163 ΙΙ
2026 2111 2276 2159 curaque
2315 2098 2579 2163 doceret),

721 2184 888 2247 XXV,
933 2188 1052 2234 157:
1089 2185 1668 2251 Descendensltacito
1708 2185 1966 2249 adlapsa,
1983 2183 2001 2251 ΙΙ
2020 2187 2181 2235 velut
2216 2186 2402 2234 imber
2440 2187 2511 2235 ab
2552 2186 2678 2247 alta,

723 2272 888 2338 XXV,
931 2274 1051 2322 183:
1091 2272 1161 2321 Et
1198 2273 1334 2334 quia
1372 2274 1484 2322 iam
1514 2270 1520 2337 Ι
1546 2273 1829 2324 Christum
1870 2273 2057 2323 induti
2074 2269 2451 2337 fldeponimus
2490 2272 2687 2332 Adam,

723 2359 884 2415 XXV,
922 2362 1048 2409 227:
1091 2360 1194 2409 Ille
1231 2362 1431 2422 iugans
1453 2358 1460 2425 Ι
1486 2361 1675 2422 capita
1711 2362 2009 2410 amborum
2030 2358 2049 2427 ΙΙ
2066 2363 2172 2410 sub
2212 2373 2349 2423 pace
2387 2360 2580 2424 iugali,

723 2447 915 2512 XXVI,
953 2450 1079 2498 398:
1118 2448 1271 2503 Quae
1307 2448 1542 2497 tulimus
1565 2446 1570 2513 Ι
1597 2460 1776 2509 paene
1816 2448 2130 2511 absumptis
2148 2444 2167 2514 ΙΙ
2185 2448 2449 2497 incendia
2486 2447 2659 2512 tectiS,
2740 2496 2745 2503 ,

723 2534 951 2600 XXVII,
989 2534 1084 2582 41:
1126 2534 1434 2597 Ceteraquc
1473 2535 1560 2583 his
1585 2541 1590 2600 Ι
1615 2536 1779 2597 paria
1817 2536 2074 2599 Aegypto
2093 2532 2113 2601 ΙΙ
2133 2535 2451 2597 multasque
2488 2547 2591 2597 per
2627 2547 2774 2591 oras.

719 2621 922 2685 XXXI,
962 2624 1088 2671 583:
1124 2621 1236 2671 Aut
1271 2623 1434 2672 iilum
1461 2623 1466 2687 Ι
1490 2623 1706 2684 gremio
1743 2628 2039 2685 exceptum
2060 2618 2079 2687 ΙΙ
2100 2622 2254 2672 fovet
2290 2623 2473 2672 almus
2512 2622 2817 2683 Abraham,

722 2708 838 2769 XV,
877 2711 967 2759 34:
1007 2709 1119 2758 Nec
1155 2708 1258 2757 tibi
1299 2709 1539 2759 difficile
1575 2710 1929 2773 omnipotens
1946 2708 1967 2776 ΙΙ
1985 2722 2108 2759 mea
2144 2710 2371 2759 solvere
2408 2709 2601 2765 doctis.

721 2795 867 2861 XVI,
908 2800 1030 2847 195:
1069 2797 1163 2845 Nil
1199 2796 1323 2859 opis
1361 2798 1642 2847 humanae
1679 2796 1978 2859 indignum
1998 2793 2017 2862 ΙΙ
2034 2797 2311 2847 solamine
2350 2796 2577 2859 Christi,

721 2884 928 2950 XVIII,
967 2886 1059 2933 13:
1099 2885 1222 2940 Qua
1259 2885 1386 2947 quis
1423 2885 1597 2947 possit
1633 2898 1742 2947 ope
1780 2886 1995 2946 ingenii
2015 2881 2363 2948 'llinguaquc
2399 2883 2617 2949 reique,

721 2972 925 3029 XVIII,
961 2973 1089 3021 434:
1127 2971 1279 3027 Quos
1316 2971 1486 3022 miser
1523 2972 1787 3022 hesterno
1826 2973 2062 3031 amissos
2082 2968 2099 3037 ΙΙ
2119 2970 2358 3021 deflerat
2395 2971 2635 3032 eosdem,

717 3058 863 3125 XIX,
905 3060 1025 3110 101:
1065 3058 1306 3110 Nomine
1344 3060 1514 3109 ferali
1553 3058 1945 3125 abscondensu
1963 3058 2291 3109 venerabile
2328 3070 2552 3121 nomen,

719 3146 867 3209 XIX,
907 3148 1032 3199 356:
1073 3147 1143 3196 Ut
1177 3148 1340 3209 quasi
1378 3149 1639 3198 mercede
1675 3148 1853 3197 oflicii
1879 3143 1885 3213 Ι
1911 3146 2269 3208 pretiumque
2306 3146 2535 3211 laboris,

717 3234 862 3291 XIX,
899 3237 1028 3283 444:
1067 3235 1135 3284 In
1175 3236 1382 3297 quibus
1421 3235 1651 3285 admissi
1688 3235 1933 3297 inpietas
1950 3230 1969 3299 ΙΙ
1990 3234 2269 3295 insignIor
2306 3237 2464 3287 esset,

720 3322 832 3386 XX,
875 3322 996 3371 172:
1038 3323 1166 3372 Iure
1201 3324 1486 3373 retraxisti
1525 3324 1746 3373 iniectis
1763 3318 1781 3389 ΙΙ
1802 3335 1905 3385 pro
1946 3321 2181 3371 crimine
2218 3321 2439 3381 vinctiS,

717 3407 861 3469 XXI,
901 3411 992 3458 66:
1033 3410 1102 3458 Et
1137 3411 1306 3459 simul
1347 3411 1624 3459 Eunomia
1661 3410 1905 3459 aeternis
1924 3406 1942 3475 ΙΙ
1963 3410 2075 3457 iam
2114 3412 2279 3470 pacta
2316 3408 2531 3471 virago,

721 3496 864 3559 XXI,
902 3498 1028 3546 484:
1069 3497 1200 3547 Illic
1235 3498 1507 3547 infandae
1545 3503 1770 3547 acturus
1790 3494 1810 3562 ΙΙ
1832 3496 2173 3546 commercia
2207 3494 2441 3560 fraudis,

719 3584 863 3647 XXI,
903 3586 1030 3633 570:
1071 3585 1284 3646 iugiter
1323 3584 1580 3635 adfluere
1616 3584 1931 3635 innumeris
1949 3582 1967 3648 ΙΙ
1986 3596 2095 3645 ope
2133 3583 2308 3631 divite
2345 3581 2521 3644 donis,

715 3670 862 3733 XXI,
901 3672 1026 3721 589:
1066 3671 1366 3721 Max-moris
1405 3672 1585 3722 adiixi
1626 3672 1844 3734 argenti
1864 3668 1882 3737 ΙΙ
1902 3672 2103 3720 vestita
2142 3669 2393 3733 metallo,

714 3756 860 3822 XXI,
899 3758 1024 3808 652:
1065 3758 1137 3807 Et
1171 3772 1275 3821 per
1312 3760 1596 3809 vestibula
1637 3760 1873 3809 extentis
1892 3755 1910 3823 ΙΙ
1930 3757 2281 3807 circumdata
2320 3757 2446 3819 late,

715 3842 860 3908 XXI,
899 3845 1025 3893 761:
1063 3845 1360 3907 Respicere
1398 3846 1576 3896 oblita
1613 3847 1879 3895 humanis
1898 3842 1916 3910 ΙΙ
1936 3857 2058 3894 mea
2097 3848 2229 3894 vota
2267 3844 2521 3905 putabaS,

715 3930 921 3997 xxm,
964 3932 1084 3981 123:
1129 3932 1275 3982 Heu!
1312 3934 1423 3982 iam
1463 3934 1640 3982 vicini
1677 3934 1937 3982 incautus
1955 3928 1974 3999 ΙΙ
1993 3932 2339 3981 discriminis
2375 3931 2507 3991 ibat,

715 4016 928 4083 XXIII,
969 4018 1093 4068 151:
1132 4018 1242 4069 Sed
1281 4031 1423 4081 puer
1460 4020 1730 4069 exstincto
1770 4019 2082 4068 abstulerat
2098 4016 2116 4083 ΙΙ
2138 4018 2233 4079 qui
2272 4018 2506 4066 numine
2544 4017 2829 4079 lychnum,

713 4104 911 4169 XXVI,
950 4106 1040 4155 68:
1077 4105 1240 4155 Nunc
1279 4107 1352 4156 ad
1390 4107 1658 4157 laetitiam
1700 4106 1933 4157 aflectus
1952 4104 1971 4172 ΙΙ
1990 4119 2157 4167 quam
2198 4117 2367 4154 causa
2404 4104 2638 4169 timoris,

715 4192 910 4256 XXVI,
949 4195 1074 4243 213:
1115 4194 1184 4243 Et
1222 4194 1354 4243 dum
1395 4195 1640 4245 natalem
1679 4194 1859 4257 ipsius
1878 4190 1897 4259 ΙΙ
1916 4194 2271 4243 celebramus
2308 4198 2556 4256 ovantcS,

716 4278 939 4339 XXVII,
977 4282 1103 4329 473:
1142 4280 1304 4337 Quod
1343 4282 1390 4329 si
1431 4282 1596 4331 etiam
1635 4282 1920 4331 interdum
1959 4277 2533 4345 obveniatlldetectus
2571 4291 2865 4341 aquarum,

713 4366 971 4431 XXVI11‚
1014 4368 1133 4418 151:
1173 4368 1458 4417 Praestitit
1494 4368 1628 4418 inde
1667 4381 1861 4431 parem
1902 4369 2165 4417 incensae
2184 4363 2203 4433 ΙΙ
2224 4368 2357 4429 quia
2396 4366 2641 4428 liquerat
2678 4365 2813 4426 illic,

713 4453 909 4517 XXXI,
952 4456 1072 4503 105:
1116 4456 1358 4517 ipsaque
1396 4455 1595 4505 iudicii
1635 4454 1827 4504 iniusti
1848 4452 1865 4521 ΙΙ
1886 4468 1981 4504 rea
2018 4454 2165 4505 iacta
2204 4454 2470 4515 vicissim,

713 4540 944 4606 XXXII,
981 4543 1070 4590 73:
1113 4541 1216 4591 ilic
1255 4544 1392 4605 quia
1427 4544 1656 4604 navigio
1697 4540 2009 4607 Ausoniasff
2031 4542 2265 4593 advenit
2302 4542 2373 4592 ad
2411 4554 2557 4601 oras,

715 4629 816 4689 Ep.
855 4632 938 4687 50,
977 4632 1068 4678 55:
1105 4629 1344 4679 Nomine
1383 4630 1580 4679 divino
1619 4635 1911 4691 argentum
1930 4626 1951 4695 ΙΙ
1971 4635 2315 4680 venerantur
2350 4634 2403 4679 et
2440 4641 2660 4679 aurum.

503 4715 646 4777 Iam
720 4716 915 4777 vides
983 4716 1324 4795 duplicem
1405 4720 1738 4779 rationem
1808 4736 2133 4780 versuum
2200 4736 2349 4779 esse
2426 4716 3003 4795 distinguendam.
3082 4715 3213 4775 Alii

505 4822 684 4881 enim
750 4839 1099 4882 caesuram
1169 4830 1328 4901 post
1395 4824 1580 4883 arsin
1645 4822 1928 4882 alteram
1998 4821 2340 4899 exhibent,
2425 4824 2493 4882 in
2558 4823 2707 4882 aliis
2776 4820 2967 4881 deest
3042 4820 3205 4879 haec
