<?xml version="1.0" encoding="UTF-8"?>
<!DOCTYPE html PUBLIC "-//W3C//DTD XHTML 1.0 Transitional//EN"
    "http://www.w3.org/TR/xhtml1/DTD/xhtml1-transitional.dtd">
<html xmlns="http://www.w3.org/1999/xhtml" xml:lang="en" lang="en">
 <head>
  <title>
</title>
<meta http-equiv="Content-Type" content="text/html;charset=utf-8" />
  <meta name='ocr-system' content='tesseract 3.04.00' />
  <meta name='ocr-capabilities' content='ocr_page ocr_carea ocr_par ocr_line ocrx_word'/>
</head>
<body>
  <div class='ocr_page' id='page_1' title='image "./dissertationesp09wiengoog_0196.png"; bbox 0 0 3567 5109; ppageno 0'>
   <div class='ocr_carea' id='block_1_1' title="bbox 1553 319 2033 384">
    <p class='ocr_par' dir='ltr' id='par_1_1' title="bbox 1553 319 2033 384">
     <span class='ocr_line' id='line_1_1' title="bbox 1553 319 2033 384; baseline -0.006 1"><span class='ocrx_word' id='word_1_1' title='bbox 1553 319 2033 384; x_wconf 83' lang='lat'>—188—</span> 
     </span>
    </p>
   </div>
   <div class='ocr_carea' id='block_1_2' title="bbox 435 509 3155 1244">
    <p class='ocr_par' dir='ltr' id='par_1_2' title="bbox 437 509 3155 795">
     <span class='ocr_line' id='line_1_2' title="bbox 437 509 3155 596; baseline 0.002 -24"><span class='ocrx_word' id='word_1_2' title='bbox 437 511 620 574; x_wconf 69' lang='lat' dir='ltr'><strong>nibus</strong></span> <span class='ocrx_word' id='word_1_3' title='bbox 683 509 975 574; x_wconf 74' lang='lat' dir='ltr'><strong>utinam</strong></span> <span class='ocrx_word' id='word_1_4' title='bbox 1034 510 1499 596; x_wconf 73' lang='lat' dir='ltr'><strong>pepercisset</strong></span> <span class='ocrx_word' id='word_1_5' title='bbox 1552 509 1878 594; x_wconf 80' lang='lat' dir='ltr'><strong>(Cicero),</strong></span> <span class='ocrx_word' id='word_1_6' title='bbox 1926 530 2133 576; x_wconf 88' lang='lat' dir='ltr'><strong>versu</strong></span> <span class='ocrx_word' id='word_1_7' title='bbox 2190 513 2328 591; x_wconf 87' lang='lat' dir='ltr'><strong>illc,</strong></span> <span class='ocrx_word' id='word_1_8' title='bbox 2376 532 2581 594; x_wconf 88' lang='lat' dir='ltr'><strong>quem</strong></span> <span class='ocrx_word' id='word_1_9' title='bbox 2633 514 2773 578; x_wconf 85' lang='lat' dir='ltr'><strong>iam</strong></span> <span class='ocrx_word' id='word_1_10' title='bbox 2823 515 3155 578; x_wconf 77' lang='lat' dir='ltr'><strong>Cicerone</strong></span> 
     </span>
     <span class='ocr_line' id='line_1_3' title="bbox 440 615 3153 706; baseline 0.001 -26"><span class='ocrx_word' id='word_1_11' title='bbox 440 618 602 681; x_wconf 86' lang='lat' dir='ltr'><strong>vivo</strong></span> <span class='ocrx_word' id='word_1_12' title='bbox 637 621 784 681; x_wconf 87' lang='lat' dir='ltr'><strong>eius</strong></span> <span class='ocrx_word' id='word_1_13' title='bbox 816 617 1198 681; x_wconf 86' lang='lat' dir='ltr'><strong>adversarii</strong></span> <span class='ocrx_word' id='word_1_14' title='bbox 1227 619 1766 697; x_wconf 77' lang='lat' dir='ltr'><strong>exagitaverant,</strong></span> <span class='ocrx_word' id='word_1_15' title='bbox 1798 615 2149 681; x_wconf 81' lang='lat' dir='ltr'><strong>offensum</strong></span> <span class='ocrx_word' id='word_1_16' title='bbox 2183 636 2350 682; x_wconf 89' lang='lat' dir='ltr'><strong>esse.</strong></span> <span class='ocrx_word' id='word_1_17' title='bbox 2384 617 2554 692; x_wconf 89' lang='lat' dir='ltr'><strong>Quis</strong></span> <span class='ocrx_word' id='word_1_18' title='bbox 2588 625 2837 698; x_wconf 86' lang='lat' dir='ltr'><strong>autem,</strong></span> <span class='ocrx_word' id='word_1_19' title='bbox 2869 638 3153 706; x_wconf 85' lang='lat' dir='ltr'><strong>quaeso,</strong></span> 
     </span>
     <span class='ocr_line' id='line_1_4' title="bbox 437 721 2205 795; baseline 0.001 -9"><span class='ocrx_word' id='word_1_20' title='bbox 437 722 944 795; x_wconf 84' lang='lat' dir='ltr'><strong>Quintilianum</strong></span> <span class='ocrx_word' id='word_1_21' title='bbox 992 721 1312 786; x_wconf 82' lang='lat' dir='ltr'><strong>Ciceroni</strong></span> <span class='ocrx_word' id='word_1_22' title='bbox 1360 722 1691 786; x_wconf 81' lang='lat' dir='ltr'><strong>infestum</strong></span> <span class='ocrx_word' id='word_1_23' title='bbox 1737 739 1891 786; x_wconf 88' lang='lat' dir='ltr'><strong>esse</strong></span> <span class='ocrx_word' id='word_1_24' title='bbox 1940 721 2205 787; x_wconf 69' lang='lat' dir='ltr'><strong>credit?</strong></span> 
     </span>
    </p>

    <p class='ocr_par' dir='ltr' id='par_1_3' title="bbox 435 825 3152 1244">
     <span class='ocr_line' id='line_1_5' title="bbox 646 825 3151 894; baseline 0.001 -3"><span class='ocrx_word' id='word_1_25' title='bbox 646 829 738 892; x_wconf 89' lang='lat' dir='ltr'><strong>At</strong></span> <span class='ocrx_word' id='word_1_26' title='bbox 779 846 924 890; x_wconf 88' lang='lat' dir='ltr'><strong>non</strong></span> <span class='ocrx_word' id='word_1_27' title='bbox 971 827 1198 890; x_wconf 89' lang='lat' dir='ltr'><strong>solum</strong></span> <span class='ocrx_word' id='word_1_28' title='bbox 1246 825 1332 890; x_wconf 89' lang='lat' dir='ltr'><strong>de</strong></span> <span class='ocrx_word' id='word_1_29' title='bbox 1378 826 1778 890; x_wconf 89' lang='lat' dir='ltr'><strong>hominibus</strong></span> <span class='ocrx_word' id='word_1_30' title='bbox 1826 828 2061 890; x_wconf 89' lang='lat' dir='ltr'><strong>multis</strong></span> <span class='ocrx_word' id='word_1_31' title='bbox 2111 829 2313 893; x_wconf 89' lang='lat' dir='ltr'><strong>annis</strong></span> <span class='ocrx_word' id='word_1_32' title='bbox 2363 835 2523 893; x_wconf 87' lang='lat' dir='ltr'><strong>ante</strong></span> <span class='ocrx_word' id='word_1_33' title='bbox 2569 831 2864 894; x_wconf 80' lang='lat' dir='ltr'><strong>mortuis</strong></span> <span class='ocrx_word' id='word_1_34' title='bbox 2907 831 3151 894; x_wconf 88' lang='lat' dir='ltr'><strong>eadem</strong></span> 
     </span>
     <span class='ocr_line' id='line_1_6' title="bbox 440 932 3152 1020; baseline 0.001 -26"><span class='ocrx_word' id='word_1_35' title='bbox 440 933 582 997; x_wconf 82' lang='lat' dir='ltr'><strong>fere</strong></span> <span class='ocrx_word' id='word_1_36' title='bbox 629 933 880 996; x_wconf 90' lang='lat' dir='ltr'><strong>iudicia</strong></span> <span class='ocrx_word' id='word_1_37' title='bbox 925 932 1110 1013; x_wconf 91' lang='lat' dir='ltr'><strong>apud</strong></span> <span class='ocrx_word' id='word_1_38' title='bbox 1155 938 1524 1012; x_wconf 88' lang='lat' dir='ltr'><strong>utrumque</strong></span> <span class='ocrx_word' id='word_1_39' title='bbox 1572 932 1861 1020; x_wconf 78' lang='lat' dir='ltr'><strong>invenis,</strong></span> <span class='ocrx_word' id='word_1_40' title='bbox 1908 932 2034 996; x_wconf 90' lang='lat' dir='ltr'><strong>sed</strong></span> <span class='ocrx_word' id='word_1_41' title='bbox 2066 936 2267 997; x_wconf 88' lang='lat' dir='ltr'><strong>etiam</strong></span> <span class='ocrx_word' id='word_1_42' title='bbox 2314 935 2400 997; x_wconf 91' lang='lat' dir='ltr'><strong>de</strong></span> <span class='ocrx_word' id='word_1_43' title='bbox 2448 952 2609 998; x_wconf 90' lang='lat' dir='ltr'><strong>suae</strong></span> <span class='ocrx_word' id='word_1_44' title='bbox 2655 937 2888 999; x_wconf 89' lang='lat' dir='ltr'><strong>aetatis</strong></span> <span class='ocrx_word' id='word_1_45' title='bbox 2936 935 3152 999; x_wconf 89' lang='lat' dir='ltr'><strong>homi·</strong></span> 
     </span>
     <span class='ocr_line' id='line_1_7' title="bbox 435 1035 3149 1110; baseline 0 -9"><span class='ocrx_word' id='word_1_46' title='bbox 435 1037 642 1101; x_wconf 92' lang='lat' dir='ltr'><strong>nibus</strong></span> <span class='ocrx_word' id='word_1_47' title='bbox 709 1035 950 1101; x_wconf 88' lang='lat' dir='ltr'><strong>eodem</strong></span> <span class='ocrx_word' id='word_1_48' title='bbox 1015 1036 1226 1100; x_wconf 90' lang='lat' dir='ltr'><strong>modo</strong></span> <span class='ocrx_word' id='word_1_49' title='bbox 1291 1037 1747 1110; x_wconf 79' lang='lat' dir='ltr'><strong>Quintilianus</strong></span> <span class='ocrx_word' id='word_1_50' title='bbox 1812 1043 1877 1101; x_wconf 92' lang='lat' dir='ltr'><strong>et</strong></span> <span class='ocrx_word' id='word_1_51' title='bbox 1944 1036 2292 1100; x_wconf 86' lang='lat' dir='ltr'><strong>Iuvenalis</strong></span> <span class='ocrx_word' id='word_1_52' title='bbox 2356 1038 2675 1102; x_wconf 89' lang='lat' dir='ltr'><strong>iudicant.</strong></span> <span class='ocrx_word' id='word_1_53' title='bbox 2754 1037 2977 1102; x_wconf 88' lang='lat' dir='ltr'><strong>Huius</strong></span> <span class='ocrx_word' id='word_1_54' title='bbox 3042 1041 3149 1102; x_wconf 89' lang='lat' dir='ltr'><strong>rei</strong></span> 
     </span>
     <span class='ocr_line' id='line_1_8' title="bbox 441 1141 2262 1244; baseline -0.002 -38"><span class='ocrx_word' id='word_1_55' title='bbox 441 1141 898 1244; x_wconf 58' lang='lat' dir='ltr'><strong>clarissimum</strong></span> <span class='ocrx_word' id='word_1_56' title='bbox 917 1143 1387 1206; x_wconf 89' lang='lat' dir='ltr'><strong>testimonium</strong></span> <span class='ocrx_word' id='word_1_57' title='bbox 1417 1141 1674 1222; x_wconf 90' lang='lat' dir='ltr'><strong>legitur</strong></span> <span class='ocrx_word' id='word_1_58' title='bbox 1699 1145 1772 1205; x_wconf 90' lang='lat' dir='ltr'><strong>in</strong></span> <span class='ocrx_word' id='word_1_59' title='bbox 1803 1147 1926 1205; x_wconf 84' lang='lat' dir='ltr'><strong>sat.</strong></span> <span class='ocrx_word' id='word_1_60' title='bbox 1962 1141 2056 1204; x_wconf 88' lang='lat' dir='ltr'><strong>IV</strong></span> <span class='ocrx_word' id='word_1_61' title='bbox 2078 1147 2155 1202; x_wconf 85' lang='lat'><strong>81</strong></span> <span class='ocrx_word' id='word_1_62' title='bbox 2176 1161 2192 1203; x_wconf 76' lang='grc' dir='ltr'><strong>ε</strong></span> <span class='ocrx_word' id='word_1_63' title='bbox 2212 1141 2262 1221; x_wconf 90' lang='lat'><strong>¹)</strong></span> 
     </span>
    </p>
   </div>
   <div class='ocr_carea' id='block_1_3' title="bbox 437 1259 3153 3466">
    <p class='ocr_par' dir='ltr' id='par_1_4' title="bbox 743 1259 2329 1558">
     <span class='ocr_line' id='line_1_9' title="bbox 743 1259 2101 1351; baseline -0.001 -25"><span class='ocrx_word' id='word_1_64' title='bbox 743 1347 746 1351; x_wconf 9' lang='grc' dir='ltr'><strong><em>ἶ</em></strong></span> <span class='ocrx_word' id='word_1_65' title='bbox 853 1263 1023 1351; x_wconf 70' lang='lat' dir='ltr'><strong>venit</strong></span> <span class='ocrx_word' id='word_1_66' title='bbox 1065 1271 1126 1326; x_wconf 79' lang='lat' dir='ltr'><strong>et</strong></span> <span class='ocrx_word' id='word_1_67' title='bbox 1175 1259 1398 1347; x_wconf 69' lang='lat' dir='ltr'><strong>Crispi</strong></span> <span class='ocrx_word' id='word_1_68' title='bbox 1436 1260 1776 1326; x_wconf 75' lang='lat' dir='ltr'><strong>iucunda</strong></span> <span class='ocrx_word' id='word_1_69' title='bbox 1818 1269 2101 1326; x_wconf 71' lang='lat' dir='ltr'><strong>senectus</strong></span> 
     </span>
     <span class='ocr_line' id='line_1_10' title="bbox 853 1364 2329 1453; baseline 0 -23"><span class='ocrx_word' id='word_1_70' title='bbox 853 1367 1038 1431; x_wconf 76' lang='lat' dir='ltr'><strong>cuiue</strong></span> <span class='ocrx_word' id='word_1_71' title='bbox 1079 1375 1263 1431; x_wconf 72' lang='lat' dir='ltr'><strong>eram</strong></span> <span class='ocrx_word' id='word_1_72' title='bbox 1305 1387 1505 1431; x_wconf 72' lang='lat' dir='ltr'><strong>mores</strong></span> <span class='ocrx_word' id='word_1_73' title='bbox 1548 1365 1760 1451; x_wconf 72' lang='lat' dir='ltr'><strong>qualis</strong></span> <span class='ocrx_word' id='word_1_74' title='bbox 1786 1364 2140 1453; x_wconf 76' lang='lat' dir='ltr'><strong>facundia,</strong></span> <span class='ocrx_word' id='word_1_75' title='bbox 2182 1365 2329 1432; x_wconf 78' lang='lat' dir='ltr'><strong>mite</strong></span> 
     </span>
     <span class='ocr_line' id='line_1_11' title="bbox 862 1470 1203 1558; baseline 0.003 -23"><span class='ocrx_word' id='word_1_76' title='bbox 862 1470 1203 1558; x_wconf 65' lang='lat' dir='ltr'><strong>ingenium.</strong></span> 
     </span>
    </p>

    <p class='ocr_par' dir='ltr' id='par_1_5' title="bbox 439 1595 3150 1994">
     <span class='ocr_line' id='line_1_12' title="bbox 648 1595 3150 1677; baseline 0 -16"><span class='ocrx_word' id='word_1_77' title='bbox 648 1597 1081 1671; x_wconf 79' lang='lat' dir='ltr'><strong>Quibuscum</strong></span> <span class='ocrx_word' id='word_1_78' title='bbox 1149 1597 1386 1661; x_wconf 85' lang='lat' dir='ltr'><strong>verbis</strong></span> <span class='ocrx_word' id='word_1_79' title='bbox 1450 1595 1768 1660; x_wconf 85' lang='lat' dir='ltr'><strong>conferas</strong></span> <span class='ocrx_word' id='word_1_80' title='bbox 1836 1614 2009 1677; x_wconf 89' lang='lat' dir='ltr'><strong>quae</strong></span> <span class='ocrx_word' id='word_1_81' title='bbox 2056 1595 2383 1675; x_wconf 87' lang='lat' dir='ltr'><strong>leguntur</strong></span> <span class='ocrx_word' id='word_1_82' title='bbox 2431 1597 2615 1676; x_wconf 90' lang='lat' dir='ltr'><strong>apud</strong></span> <span class='ocrx_word' id='word_1_83' title='bbox 2656 1597 3150 1670; x_wconf 83' lang='lat' dir='ltr'><strong>Quintilianum</strong></span> 
     </span>
     <span class='ocr_line' id='line_1_13' title="bbox 439 1696 3149 1786; baseline 0 -20"><span class='ocrx_word' id='word_1_84' title='bbox 439 1705 601 1767; x_wconf 85' lang='lat' dir='ltr'><strong>Inst.</strong></span> <span class='ocrx_word' id='word_1_85' title='bbox 667 1721 770 1768; x_wconf 86' lang='lat' dir='ltr'><strong>or.</strong></span> <span class='ocrx_word' id='word_1_86' title='bbox 822 1704 878 1767; x_wconf 88' lang='lat' dir='ltr'>V</span> <span class='ocrx_word' id='word_1_87' title='bbox 914 1709 1012 1778; x_wconf 87' lang='lat'><strong>13,</strong></span> <span class='ocrx_word' id='word_1_88' title='bbox 1069 1708 1188 1766; x_wconf 82' lang='lat'><strong>48:</strong></span> <span class='ocrx_word' id='word_1_89' title='bbox 1248 1696 1472 1765; x_wconf 72' lang='lat' dir='ltr'><strong>Vibius</strong></span> <span class='ocrx_word' id='word_1_90' title='bbox 1523 1697 1818 1785; x_wconf 71' lang='lat' dir='ltr'><strong>Crispus,</strong></span> <span class='ocrx_word' id='word_1_91' title='bbox 1894 1700 1996 1762; x_wconf 79' lang='lat' dir='ltr'><strong>vir</strong></span> <span class='ocrx_word' id='word_1_92' title='bbox 2068 1697 2314 1783; x_wconf 73' lang='lat' dir='ltr'><strong>inqenii</strong></span> <span class='ocrx_word' id='word_1_93' title='bbox 2368 1696 2639 1761; x_wconf 80' lang='lat' dir='ltr'><strong>iucundi</strong></span> <span class='ocrx_word' id='word_1_94' title='bbox 2697 1707 2759 1762; x_wconf 82' lang='lat' dir='ltr'><strong>et</strong></span> <span class='ocrx_word' id='word_1_95' title='bbox 2818 1699 3149 1786; x_wconf 52' lang='lat' dir='ltr'><strong>eleqantm</strong></span> 
     </span>
     <span class='ocr_line' id='line_1_14' title="bbox 440 1799 3153 1890; baseline 0 -20"><span class='ocrx_word' id='word_1_96' title='bbox 440 1809 500 1870; x_wconf 90' lang='lat' dir='ltr'>X</span> <span class='ocrx_word' id='word_1_97' title='bbox 552 1814 606 1884; x_wconf 94' lang='lat'><strong>1,</strong></span> <span class='ocrx_word' id='word_1_98' title='bbox 657 1813 814 1870; x_wconf 83' lang='lat'>119:</span> <span class='ocrx_word' id='word_1_99' title='bbox 881 1804 942 1868; x_wconf 88' lang='lat' dir='ltr'><strong><em>V</em></strong></span> <span class='ocrx_word' id='word_1_100' title='bbox 935 1803 1106 1870; x_wconf 69' lang='lat' dir='ltr'><strong>ibim</strong></span> <span class='ocrx_word' id='word_1_101' title='bbox 1141 1803 1412 1890; x_wconf 72' lang='lat' dir='ltr'><strong>Crispus</strong></span> <span class='ocrx_word' id='word_1_102' title='bbox 1455 1803 1848 1889; x_wconf 73' lang='lat' dir='ltr'><strong>compositus</strong></span> <span class='ocrx_word' id='word_1_103' title='bbox 1890 1814 1949 1868; x_wconf 82' lang='lat' dir='ltr'><strong>et</strong></span> <span class='ocrx_word' id='word_1_104' title='bbox 1993 1799 2378 1868; x_wconf 73' lang='lat' dir='ltr'><strong>iucundus</strong></span> <span class='ocrx_word' id='word_1_105' title='bbox 2406 1812 2466 1866; x_wconf 75' lang='lat' dir='ltr'><strong>et</strong></span> <span class='ocrx_word' id='word_1_106' title='bbox 2494 1800 2901 1869; x_wconf 77' lang='lat' dir='ltr'><strong>delectationi</strong></span> <span class='ocrx_word' id='word_1_107' title='bbox 2928 1815 3153 1886; x_wconf 73' lang='lat' dir='ltr'><strong>natus,-</strong></span> 
     </span>
     <span class='ocr_line' id='line_1_15' title="bbox 441 1907 1655 1994; baseline 0 -18"><span class='ocrx_word' id='word_1_108' title='bbox 441 1915 570 1977; x_wconf 91' lang='lat' dir='ltr'><strong>XII</strong></span> <span class='ocrx_word' id='word_1_109' title='bbox 606 1921 813 1992; x_wconf 89' lang='lat'><strong>10,11</strong></span> <span class='ocrx_word' id='word_1_110' title='bbox 851 1909 1314 1975; x_wconf 79' lang='lat' dir='ltr'><strong>iuctmditatem</strong></span> <span class='ocrx_word' id='word_1_111' title='bbox 1361 1907 1655 1994; x_wconf 55' lang='lat' dir='ltr'><strong>Criepffl)</strong></span> 
     </span>
    </p>

    <p class='ocr_par' dir='ltr' id='par_1_6' title="bbox 437 2017 3147 3466">
     <span class='ocr_line' id='line_1_16' title="bbox 647 2017 3146 2098; baseline 0 -18"><span class='ocrx_word' id='word_1_112' title='bbox 647 2019 772 2081; x_wconf 88' lang='lat' dir='ltr'><strong>His</strong></span> <span class='ocrx_word' id='word_1_113' title='bbox 839 2017 1158 2081; x_wconf 89' lang='lat' dir='ltr'><strong>omnibus</strong></span> <span class='ocrx_word' id='word_1_114' title='bbox 1223 2017 1557 2098; x_wconf 83' lang='lat' dir='ltr'><strong>expositis</strong></span> <span class='ocrx_word' id='word_1_115' title='bbox 1587 2020 1971 2080; x_wconf 80' lang='lat' dir='ltr'><strong>sententias</strong></span> <span class='ocrx_word' id='word_1_116' title='bbox 2018 2021 2086 2080; x_wconf 90' lang='lat' dir='ltr'><strong>et</strong></span> <span class='ocrx_word' id='word_1_117' title='bbox 2132 2021 2498 2096; x_wconf 88' lang='lat' dir='ltr'><strong>praecepta</strong></span> <span class='ocrx_word' id='word_1_118' title='bbox 2544 2018 2875 2080; x_wconf 89' lang='lat' dir='ltr'><strong>nonnulla</strong></span> <span class='ocrx_word' id='word_1_119' title='bbox 2939 2018 3146 2091; x_wconf 88' lang='lat' dir='ltr'><strong>Quin-</strong></span> 
     </span>
     <span class='ocr_line' id='line_1_17' title="bbox 442 2120 3147 2204; baseline 0.001 -20"><span class='ocrx_word' id='word_1_120' title='bbox 442 2122 652 2185; x_wconf 88' lang='lat' dir='ltr'><strong>tiliani</strong></span> <span class='ocrx_word' id='word_1_121' title='bbox 703 2123 1087 2204; x_wconf 91' lang='lat' dir='ltr'><strong>adiungam,</strong></span> <span class='ocrx_word' id='word_1_122' title='bbox 1144 2123 1556 2203; x_wconf 82' lang='lat' dir='ltr'><strong>quibuscum</strong></span> <span class='ocrx_word' id='word_1_123' title='bbox 1605 2139 1777 2201; x_wconf 89' lang='lat' dir='ltr'><strong>quae</strong></span> <span class='ocrx_word' id='word_1_124' title='bbox 1826 2121 2008 2202; x_wconf 87' lang='lat' dir='ltr'><strong>apud</strong></span> <span class='ocrx_word' id='word_1_125' title='bbox 2054 2120 2449 2184; x_wconf 89' lang='lat' dir='ltr'><strong>Iuvenalem</strong></span> <span class='ocrx_word' id='word_1_126' title='bbox 2495 2120 2945 2188; x_wconf 86' lang='lat' dir='ltr'><strong>inveniuntur</strong></span> <span class='ocrx_word' id='word_1_127' title='bbox 2991 2142 3147 2186; x_wconf 90' lang='lat' dir='ltr'><strong>con-</strong></span> 
     </span>
     <span class='ocr_line' id='line_1_18' title="bbox 439 2225 3146 2310; baseline -0.001 -21"><span class='ocrx_word' id='word_1_128' title='bbox 439 2230 687 2290; x_wconf 89' lang='lat' dir='ltr'><strong>sociari</strong></span> <span class='ocrx_word' id='word_1_129' title='bbox 756 2233 1064 2308; x_wconf 81' lang='lat' dir='ltr'><strong>possunt.</strong></span> <span class='ocrx_word' id='word_1_130' title='bbox 1121 2228 1582 2302; x_wconf 85' lang='lat' dir='ltr'><strong>Quintilianus</strong></span> <span class='ocrx_word' id='word_1_131' title='bbox 1645 2228 1859 2305; x_wconf 86' lang='lat' dir='ltr'><strong>igitur</strong></span> <span class='ocrx_word' id='word_1_132' title='bbox 1922 2229 1991 2288; x_wconf 92' lang='lat' dir='ltr'><strong>in</strong></span> <span class='ocrx_word' id='word_1_133' title='bbox 2055 2225 2221 2290; x_wconf 91' lang='lat' dir='ltr'><strong>Inst.</strong></span> <span class='ocrx_word' id='word_1_134' title='bbox 2284 2244 2383 2310; x_wconf 75' lang='lat' dir='ltr'><strong>or.</strong></span> <span class='ocrx_word' id='word_1_135' title='bbox 2418 2225 2609 2308; x_wconf 40' lang='lat' dir='ltr'><strong>‚libri</strong></span> <span class='ocrx_word' id='word_1_136' title='bbox 2672 2227 2751 2292; x_wconf 89' lang='lat' dir='ltr'><strong>X.</strong></span> <span class='ocrx_word' id='word_1_137' title='bbox 2808 2231 3031 2308; x_wconf 88' lang='lat' dir='ltr'><strong>capite</strong></span> <span class='ocrx_word' id='word_1_138' title='bbox 3089 2235 3146 2288; x_wconf 93' lang='lat'><strong>1.</strong></span> 
     </span>
     <span class='ocr_line' id='line_1_19' title="bbox 441 2328 3147 2414; baseline -0 -19"><span class='ocrx_word' id='word_1_139' title='bbox 441 2332 524 2395; x_wconf 91' lang='lat' dir='ltr'><strong>de</strong></span> <span class='ocrx_word' id='word_1_140' title='bbox 589 2337 706 2408; x_wconf 88' lang='lat' dir='ltr'><strong>eis,</strong></span> <span class='ocrx_word' id='word_1_141' title='bbox 774 2350 950 2411; x_wconf 89' lang='lat' dir='ltr'><strong>quos</strong></span> <span class='ocrx_word' id='word_1_142' title='bbox 1013 2331 1380 2395; x_wconf 88' lang='lat' dir='ltr'><strong>imitandos</strong></span> <span class='ocrx_word' id='word_1_143' title='bbox 1445 2349 1594 2396; x_wconf 89' lang='lat' dir='ltr'><strong>esse</strong></span> <span class='ocrx_word' id='word_1_144' title='bbox 1657 2336 1869 2411; x_wconf 75' lang='lat' dir='ltr'><strong>putat,</strong></span> <span class='ocrx_word' id='word_1_145' title='bbox 1934 2328 2291 2411; x_wconf 89' lang='lat' dir='ltr'><strong>disputans</strong></span> <span class='ocrx_word' id='word_1_146' title='bbox 2356 2336 2680 2410; x_wconf 88' lang='lat' dir='ltr'><strong>quattuor</strong></span> <span class='ocrx_word' id='word_1_147' title='bbox 2726 2335 3147 2414; x_wconf 89' lang='lat' dir='ltr'><strong>scriptorum</strong></span> 
     </span>
     <span class='ocr_line' id='line_1_20' title="bbox 438 2435 3146 2519; baseline 0 -19"><span class='ocrx_word' id='word_1_148' title='bbox 438 2455 695 2516; x_wconf 89' lang='lat' dir='ltr'><strong>genera</strong></span> <span class='ocrx_word' id='word_1_149' title='bbox 750 2438 994 2500; x_wconf 84' lang='lat' dir='ltr'><strong>ordine</strong></span> <span class='ocrx_word' id='word_1_150' title='bbox 1051 2443 1237 2500; x_wconf 91' lang='lat' dir='ltr'><strong>certo</strong></span> <span class='ocrx_word' id='word_1_151' title='bbox 1285 2437 1549 2519; x_wconf 88' lang='lat' dir='ltr'><strong>prolata</strong></span> <span class='ocrx_word' id='word_1_152' title='bbox 1597 2435 1954 2516; x_wconf 86' lang='lat' dir='ltr'><strong>discipulis</strong></span> <span class='ocrx_word' id='word_1_153' title='bbox 2010 2438 2150 2498; x_wconf 88' lang='lat' dir='ltr'><strong>suis</strong></span> <span class='ocrx_word' id='word_1_154' title='bbox 2199 2435 2562 2499; x_wconf 86' lang='lat' dir='ltr'><strong>obversari</strong></span> <span class='ocrx_word' id='word_1_155' title='bbox 2608 2437 2782 2515; x_wconf 83' lang='lat' dir='ltr'><strong>vult3</strong></span> <span class='ocrx_word' id='word_1_156' title='bbox 2848 2442 3024 2514; x_wconf 88' lang='lat' dir='ltr'><strong>sunt,</strong></span> <span class='ocrx_word' id='word_1_157' title='bbox 3090 2441 3146 2500; x_wconf 92' lang='lat' dir='ltr'><strong>si</strong></span> 
     </span>
     <span class='ocr_line' id='line_1_21' title="bbox 440 2541 3147 2623; baseline 0 -19"><span class='ocrx_word' id='word_1_158' title='bbox 440 2543 752 2608; x_wconf 89' lang='lat' dir='ltr'><strong>ordinem</strong></span> <span class='ocrx_word' id='word_1_159' title='bbox 800 2563 836 2606; x_wconf 92' lang='lat' dir='ltr'><strong>a</strong></span> <span class='ocrx_word' id='word_1_160' title='bbox 867 2542 1286 2615; x_wconf 83' lang='lat' dir='ltr'><strong>Quintiliano</strong></span> <span class='ocrx_word' id='word_1_161' title='bbox 1335 2544 1782 2606; x_wconf 88' lang='lat' dir='ltr'><strong>constitutum</strong></span> <span class='ocrx_word' id='word_1_162' title='bbox 1825 2543 2224 2617; x_wconf 80' lang='lat' dir='ltr'><strong>retinemuS,</strong></span> <span class='ocrx_word' id='word_1_163' title='bbox 2271 2541 2467 2605; x_wconf 88' lang='lat' dir='ltr'><strong>haec:</strong></span> <span class='ocrx_word' id='word_1_164' title='bbox 2515 2547 2772 2623; x_wconf 87' lang='lat' dir='ltr'><strong>poetae,</strong></span> <span class='ocrx_word' id='word_1_165' title='bbox 2812 2541 3147 2621; x_wconf 89' lang='lat' dir='ltr'><strong>historici,</strong></span> 
     </span>
     <span class='ocr_line' id='line_1_22' title="bbox 439 2645 3146 2729; baseline 0 -19"><span class='ocrx_word' id='word_1_166' title='bbox 439 2655 765 2724; x_wconf 83' lang='lat' dir='ltr'><strong>oratores,</strong></span> <span class='ocrx_word' id='word_1_167' title='bbox 812 2649 1230 2729; x_wconf 86' lang='lat' dir='ltr'><strong>philosophi.</strong></span> <span class='ocrx_word' id='word_1_168' title='bbox 1278 2647 1513 2728; x_wconf 89' lang='lat' dir='ltr'><strong>Neque</strong></span> <span class='ocrx_word' id='word_1_169' title='bbox 1560 2663 1721 2710; x_wconf 87' lang='lat' dir='ltr'><strong>casu</strong></span> <span class='ocrx_word' id='word_1_170' title='bbox 1768 2649 2079 2709; x_wconf 88' lang='lat' dir='ltr'><strong>evenisse</strong></span> <span class='ocrx_word' id='word_1_171' title='bbox 2125 2645 2446 2722; x_wconf 85' lang='lat' dir='ltr'><strong>arbitror,</strong></span> <span class='ocrx_word' id='word_1_172' title='bbox 2492 2653 2566 2710; x_wconf 88' lang='lat' dir='ltr'><strong>ut</strong></span> <span class='ocrx_word' id='word_1_173' title='bbox 2612 2647 2926 2710; x_wconf 90' lang='lat' dir='ltr'><strong>homines</strong></span> <span class='ocrx_word' id='word_1_174' title='bbox 2972 2646 3146 2711; x_wconf 86' lang='lat' dir='ltr'><strong>litte-</strong></span> 
     </span>
     <span class='ocr_line' id='line_1_23' title="bbox 437 2749 3147 2833; baseline 0 -18"><span class='ocrx_word' id='word_1_175' title='bbox 437 2757 585 2829; x_wconf 87' lang='lat' dir='ltr'><strong>rati,</strong></span> <span class='ocrx_word' id='word_1_176' title='bbox 632 2771 932 2833; x_wconf 88' lang='lat' dir='ltr'><strong>quorum</strong></span> <span class='ocrx_word' id='word_1_177' title='bbox 989 2753 1463 2817; x_wconf 90' lang='lat' dir='ltr'><strong>condicionem</strong></span> <span class='ocrx_word' id='word_1_178' title='bbox 1521 2753 1976 2814; x_wconf 85' lang='lat' dir='ltr'><strong>miserrimam</strong></span> <span class='ocrx_word' id='word_1_179' title='bbox 2021 2749 2367 2813; x_wconf 84' lang='lat' dir='ltr'><strong>Iuvenalis</strong></span> <span class='ocrx_word' id='word_1_180' title='bbox 2431 2755 2499 2814; x_wconf 92' lang='lat' dir='ltr'><strong>in</strong></span> <span class='ocrx_word' id='word_1_181' title='bbox 2565 2758 2794 2814; x_wconf 86' lang='lat' dir='ltr'><strong>satura</strong></span> <span class='ocrx_word' id='word_1_182' title='bbox 2856 2751 3147 2831; x_wconf 89' lang='lat' dir='ltr'><strong>septima</strong></span> 
     </span>
     <span class='ocr_line' id='line_1_24' title="bbox 439 2851 3143 2939; baseline 0 -20"><span class='ocrx_word' id='word_1_183' title='bbox 439 2851 822 2939; x_wconf 80' lang='lat' dir='ltr'><strong>descripsit,</strong></span> <span class='ocrx_word' id='word_1_184' title='bbox 869 2856 1111 2920; x_wconf 89' lang='lat' dir='ltr'><strong>eodem</strong></span> <span class='ocrx_word' id='word_1_185' title='bbox 1166 2857 1314 2920; x_wconf 84' lang='lat' dir='ltr'><strong>fere</strong></span> <span class='ocrx_word' id='word_1_186' title='bbox 1380 2855 1624 2920; x_wconf 88' lang='lat' dir='ltr'><strong>ordine</strong></span> <span class='ocrx_word' id='word_1_187' title='bbox 1671 2854 2161 2936; x_wconf 81' lang='lat' dir='ltr'><strong>proferrentur</strong></span> <span class='ocrx_word' id='word_1_188' title='bbox 2212 2861 2414 2936; x_wconf 88' lang='lat' dir='ltr'><strong>atque</strong></span> <span class='ocrx_word' id='word_1_189' title='bbox 2462 2875 2497 2918; x_wconf 89' lang='lat' dir='ltr'><strong>a</strong></span> <span class='ocrx_word' id='word_1_190' title='bbox 2544 2855 2977 2932; x_wconf 90' lang='lat' dir='ltr'><strong>Quintilian0,</strong></span> <span class='ocrx_word' id='word_1_191' title='bbox 3026 2860 3143 2937; x_wconf 91' lang='lat' dir='ltr'><strong>qui</strong></span> 
     </span>
     <span class='ocr_line' id='line_1_25' title="bbox 439 2960 3146 3042; baseline -0 -16"><span class='ocrx_word' id='word_1_192' title='bbox 439 2969 666 3026; x_wconf 86' lang='lat' dir='ltr'><strong>essent</strong></span> <span class='ocrx_word' id='word_1_193' title='bbox 711 2964 1037 3026; x_wconf 88' lang='lat' dir='ltr'><strong>imitandi.</strong></span> <span class='ocrx_word' id='word_1_194' title='bbox 1101 2961 1421 3042; x_wconf 91' lang='lat' dir='ltr'><strong>Disputat</strong></span> <span class='ocrx_word' id='word_1_195' title='bbox 1467 2965 1646 3024; x_wconf 90' lang='lat' dir='ltr'><strong>enim</strong></span> <span class='ocrx_word' id='word_1_196' title='bbox 1692 2961 2042 3024; x_wconf 84' lang='lat' dir='ltr'><strong>Iuvenalis</strong></span> <span class='ocrx_word' id='word_1_197' title='bbox 2089 2960 2405 3023; x_wconf 87' lang='lat' dir='ltr'><strong>versibus</strong></span> <span class='ocrx_word' id='word_1_198' title='bbox 2454 2966 2708 3025; x_wconf 83' lang='lat'><strong>36—97</strong></span> <span class='ocrx_word' id='word_1_199' title='bbox 2768 2961 2853 3024; x_wconf 91' lang='lat' dir='ltr'><strong>de</strong></span> <span class='ocrx_word' id='word_1_200' title='bbox 2907 2965 3146 3042; x_wconf 57' lang='lat' dir='ltr'><strong>poetis</strong></span> 
     </span>
     <span class='ocr_line' id='line_1_26' title="bbox 442 3061 3146 3145; baseline 0.001 -17"><span class='ocrx_word' id='word_1_201' title='bbox 442 3061 736 3128; x_wconf 74' lang='lat'>98—104</span> <span class='ocrx_word' id='word_1_202' title='bbox 801 3067 887 3130; x_wconf 92' lang='lat' dir='ltr'><strong>de</strong></span> <span class='ocrx_word' id='word_1_203' title='bbox 950 3067 1316 3142; x_wconf 84' lang='lat' dir='ltr'><strong>historicis,</strong></span> <span class='ocrx_word' id='word_1_204' title='bbox 1387 3071 1722 3128; x_wconf 81' lang='lat'>105—149</span> <span class='ocrx_word' id='word_1_205' title='bbox 1790 3066 1876 3129; x_wconf 92' lang='lat' dir='ltr'><strong>de</strong></span> <span class='ocrx_word' id='word_1_206' title='bbox 1941 3065 2353 3142; x_wconf 81' lang='lat' dir='ltr'><strong>oratoribuS,</strong></span> <span class='ocrx_word' id='word_1_207' title='bbox 2427 3065 2677 3145; x_wconf 90' lang='lat' dir='ltr'><strong>quibus</strong></span> <span class='ocrx_word' id='word_1_208' title='bbox 2744 3067 3146 3143; x_wconf 80' lang='lat' dir='ltr'><strong>causidicOS,</strong></span> 
     </span>
     <span class='ocr_line' id='line_1_27' title="bbox 440 3171 3143 3252; baseline 0.001 -19"><span class='ocrx_word' id='word_1_209' title='bbox 440 3191 614 3252; x_wconf 89' lang='lat' dir='ltr'><strong>quos</strong></span> <span class='ocrx_word' id='word_1_210' title='bbox 670 3172 873 3234; x_wconf 82' lang='lat' dir='ltr'><strong>affert</strong></span> <span class='ocrx_word' id='word_1_211' title='bbox 929 3177 1148 3251; x_wconf 83' lang='lat' dir='ltr'><strong>poeta,</strong></span> <span class='ocrx_word' id='word_1_212' title='bbox 1211 3171 1687 3234; x_wconf 86' lang='lat' dir='ltr'><strong>attribuendos</strong></span> <span class='ocrx_word' id='word_1_213' title='bbox 1745 3188 1898 3234; x_wconf 90' lang='lat' dir='ltr'><strong>esse</strong></span> <span class='ocrx_word' id='word_1_214' title='bbox 1954 3189 2157 3233; x_wconf 89' lang='lat' dir='ltr'><strong>nemo</strong></span> <span class='ocrx_word' id='word_1_215' title='bbox 2212 3171 2504 3251; x_wconf 86' lang='lat' dir='ltr'><strong>negabit,</strong></span> <span class='ocrx_word' id='word_1_216' title='bbox 2579 3175 2695 3251; x_wconf 90' lang='lat' dir='ltr'><strong>qui</strong></span> <span class='ocrx_word' id='word_1_217' title='bbox 2762 3172 3143 3236; x_wconf 89' lang='lat' dir='ltr'><strong>causidicos</strong></span> 
     </span>
     <span class='ocr_line' id='line_1_28' title="bbox 440 3276 3143 3368; baseline 0.001 -30"><span class='ocrx_word' id='word_1_218' title='bbox 440 3277 670 3340; x_wconf 86' lang='lat' dir='ltr'><strong>Tacito</strong></span> <span class='ocrx_word' id='word_1_219' title='bbox 731 3277 1076 3356; x_wconf 43' lang='lat' dir='ltr'><strong>auctore&amp;</strong></span> <span class='ocrx_word' id='word_1_220' title='bbox 1133 3296 1210 3340; x_wconf 89' lang='lat' dir='ltr'><strong>ea</strong></span> <span class='ocrx_word' id='word_1_221' title='bbox 1251 3283 1462 3341; x_wconf 87' lang='lat' dir='ltr'><strong>aetate</strong></span> <span class='ocrx_word' id='word_1_222' title='bbox 1507 3278 1694 3340; x_wconf 87' lang='lat' dir='ltr'><strong>solos</strong></span> <span class='ocrx_word' id='word_1_223' title='bbox 1736 3294 2023 3339; x_wconf 88' lang='lat' dir='ltr'><strong>munere</strong></span> <span class='ocrx_word' id='word_1_224' title='bbox 2080 3279 2387 3340; x_wconf 88' lang='lat' dir='ltr'><strong>oratorio</strong></span> <span class='ocrx_word' id='word_1_225' title='bbox 2432 3276 2707 3341; x_wconf 81' lang='lat' dir='ltr'><strong>functos</strong></span> <span class='ocrx_word' id='word_1_226' title='bbox 2740 3283 3143 3368; x_wconf 23' lang='lat' dir='ltr'><strong>esse-consi-</strong></span> 
     </span>
     <span class='ocr_line' id='line_1_29' title="bbox 440 3382 3142 3466; baseline 0.001 -23"><span class='ocrx_word' id='word_1_227' title='bbox 440 3382 804 3445; x_wconf 86' lang='lat' dir='ltr'><strong>deraverit.</strong></span> <span class='ocrx_word' id='word_1_228' title='bbox 853 3385 1093 3464; x_wconf 89' lang='lat' dir='ltr'><strong>Itaque</strong></span> <span class='ocrx_word' id='word_1_229' title='bbox 1137 3387 1266 3446; x_wconf 90' lang='lat' dir='ltr'><strong>nisi</strong></span> <span class='ocrx_word' id='word_1_230' title='bbox 1314 3383 1788 3466; x_wconf 89' lang='lat' dir='ltr'><strong>philosophos,</strong></span> <span class='ocrx_word' id='word_1_231' title='bbox 1804 3382 1855 3461; x_wconf 84' lang='lat'><strong>⁴)</strong></span> <span class='ocrx_word' id='word_1_232' title='bbox 1890 3382 2117 3446; x_wconf 90' lang='lat' dir='ltr'><strong>nullos</strong></span> <span class='ocrx_word' id='word_1_233' title='bbox 2162 3384 2434 3462; x_wconf 85' lang='lat' dir='ltr'><strong>neglegi</strong></span> <span class='ocrx_word' id='word_1_234' title='bbox 2468 3383 2801 3446; x_wconf 74' lang='lat' dir='ltr'><strong>videmus,</strong></span> <span class='ocrx_word' id='word_1_235' title='bbox 2832 3383 2965 3450; x_wconf 86' lang='lat' dir='ltr'><strong>Sed</strong></span> <span class='ocrx_word' id='word_1_236' title='bbox 3013 3388 3142 3448; x_wconf 88' lang='lat' dir='ltr'><strong>tria</strong></span> 
     </span>
    </p>
   </div>
   <div class='ocr_carea' id='block_1_4' title="bbox 437 3488 850 3497">
    <p class='ocr_par' dir='ltr' id='par_1_7' title="bbox 437 3488 850 3497">
     <span class='ocr_line' id='line_1_30' title="bbox 437 3488 850 3497; baseline 0 1612"><span class='ocrx_word' id='word_1_237' title='bbox 437 3488 850 3497; x_wconf 95' lang='lat' dir='ltr'><strong> </strong></span> 
     </span>
    </p>
   </div>
   <div class='ocr_carea' id='block_1_5' title="bbox 645 3521 2784 3850">
    <p class='ocr_par' dir='ltr' id='par_1_8' title="bbox 645 3521 2769 3850">
     <span class='ocr_line' id='line_1_31' title="bbox 645 3521 1892 3582; baseline 0.001 -11"><span class='ocrx_word' id='word_1_238' title='bbox 645 3521 684 3582; x_wconf 88' lang='lat'><strong>¹)</strong></span> <span class='ocrx_word' id='word_1_239' title='bbox 723 3523 869 3572; x_wconf 77' lang='lat' dir='ltr'><strong>cont.</strong></span> <span class='ocrx_word' id='word_1_240' title='bbox 907 3522 1313 3574; x_wconf 84' lang='lat' dir='ltr'><strong>Friedlaender</strong></span> <span class='ocrx_word' id='word_1_241' title='bbox 1351 3525 1423 3574; x_wconf 82' lang='lat' dir='ltr'><strong>ad</strong></span> <span class='ocrx_word' id='word_1_242' title='bbox 1460 3525 1612 3574; x_wconf 86' lang='lat' dir='ltr'><strong>hunc</strong></span> <span class='ocrx_word' id='word_1_243' title='bbox 1650 3527 1892 3574; x_wconf 80' lang='lat' dir='ltr'><strong>versum.</strong></span> 
     </span>
     <span class='ocr_line' id='line_1_32' title="bbox 645 3609 2299 3670; baseline 0 -12"><span class='ocrx_word' id='word_1_244' title='bbox 645 3609 688 3669; x_wconf 84' lang='lat'><strong>²)</strong></span> <span class='ocrx_word' id='word_1_245' title='bbox 726 3609 1024 3661; x_wconf 83' lang='lat' dir='ltr'><strong>Praeterea</strong></span> <span class='ocrx_word' id='word_1_246' title='bbox 1060 3611 1241 3661; x_wconf 89' lang='lat' dir='ltr'><strong>eidem</strong></span> <span class='ocrx_word' id='word_1_247' title='bbox 1281 3611 1535 3662; x_wconf 87' lang='lat' dir='ltr'><strong>homines</strong></span> <span class='ocrx_word' id='word_1_248' title='bbox 1572 3615 2084 3661; x_wconf 86' lang='lat' dir='ltr'><strong>commemorantur</strong></span> <span class='ocrx_word' id='word_1_249' title='bbox 2121 3609 2299 3670; x_wconf 86' lang='lat' dir='ltr'><strong>apud.</strong></span> 
     </span>
     <span class='ocr_line' id='line_1_33' title="bbox 799 3692 2784 3761; baseline -0.002 -13"><span class='ocrx_word' id='word_1_250' title='bbox 799 3697 1050 3748; x_wconf 81' lang='lat' dir='ltr'><strong>1uv.111</strong></span> <span class='ocrx_word' id='word_1_251' title='bbox 1122 3699 1190 3748; x_wconf 90' lang='grc'><strong>99</strong></span> <span class='ocrx_word' id='word_1_252' title='bbox 1228 3702 1283 3748; x_wconf 81' lang='lat' dir='ltr'><strong>et</strong></span> <span class='ocrx_word' id='word_1_253' title='bbox 1319 3697 1509 3755; x_wconf 83' lang='lat' dir='ltr'><strong>Quint.</strong></span> <span class='ocrx_word' id='word_1_254' title='bbox 1547 3698 1626 3748; x_wconf 85' lang='lat' dir='ltr'><strong>XI</strong></span> <span class='ocrx_word' id='word_1_255' title='bbox 1699 3697 2048 3761; x_wconf 79' lang='lat'><strong>3,178,180</strong></span> <span class='ocrx_word' id='word_1_256' title='bbox 2082 3692 2405 3757; x_wconf 69' lang='lat' dir='ltr'><strong>(Stratoclea,</strong></span> <span class='ocrx_word' id='word_1_257' title='bbox 2447 3692 2784 3760; x_wconf 72' lang='lat' dir='ltr'><strong>Demetrius),</strong></span> 
     </span>
     <span class='ocr_line' id='line_1_34' title="bbox 937 3778 2668 3850; baseline -0.003 -15"><span class='ocrx_word' id='word_1_258' title='bbox 937 3785 1046 3836; x_wconf 85' lang='lat' dir='ltr'><strong>VII</strong></span> <span class='ocrx_word' id='word_1_259' title='bbox 1117 3787 1186 3836; x_wconf 85' lang='lat'><strong>80</strong></span> <span class='ocrx_word' id='word_1_260' title='bbox 1236 3823 1261 3844; x_wconf 55' lang='grc' dir='ltr'><strong>ῃ</strong></span> <span class='ocrx_word' id='word_1_261' title='bbox 1386 3823 1412 3850; x_wconf 85' lang='lat'><strong>„</strong></span> <span class='ocrx_word' id='word_1_262' title='bbox 1572 3785 1621 3835; x_wconf 84' lang='lat' dir='ltr'>X</span> <span class='ocrx_word' id='word_1_263' title='bbox 1696 3789 1741 3848; x_wconf 84' lang='lat'><strong>1,</strong></span> <span class='ocrx_word' id='word_1_264' title='bbox 1814 3783 1898 3848; x_wconf 78' lang='lat'><strong>89,</strong></span> <span class='ocrx_word' id='word_1_265' title='bbox 1971 3785 2038 3833; x_wconf 88' lang='grc'>90</span> <span class='ocrx_word' id='word_1_266' title='bbox 2072 3778 2378 3845; x_wconf 71' lang='lat' dir='ltr'><strong>(Serranae,</strong></span> <span class='ocrx_word' id='word_1_267' title='bbox 2421 3780 2668 3847; x_wconf 73' lang='lat' dir='ltr'><strong>Saleius),</strong></span> 
     </span>
    </p>
   </div>
   <div class='ocr_carea' id='block_1_6' title="bbox 940 3867 2655 3940">
    <p class='ocr_par' dir='ltr' id='par_1_9' title="bbox 940 3867 2655 3940">
     <span class='ocr_line' id='line_1_35' title="bbox 940 3867 2655 3940; baseline -0.002 -18"><span class='ocrx_word' id='word_1_268' title='bbox 940 3872 1050 3924; x_wconf 86' lang='lat' dir='ltr'><strong>vn</strong></span> <span class='ocrx_word' id='word_1_269' title='bbox 1089 3874 1188 3923; x_wconf 75' lang='lat'><strong>177</strong></span> <span class='ocrx_word' id='word_1_270' title='bbox 1227 3909 1255 3940; x_wconf 90' lang='lat'><strong>,‚</strong></span> <span class='ocrx_word' id='word_1_271' title='bbox 1378 3912 1407 3940; x_wconf 77' lang='lat'>„</span> <span class='ocrx_word' id='word_1_272' title='bbox 1563 3873 1622 3923; x_wconf 94' lang='lat'><strong>11</strong></span> <span class='ocrx_word' id='word_1_273' title='bbox 1663 3874 1745 3934; x_wconf 69' lang='grc' dir='ltr'><strong>ιε,</strong></span> <span class='ocrx_word' id='word_1_274' title='bbox 1819 3873 1883 3922; x_wconf 84' lang='lat'><strong>16</strong></span> <span class='ocrx_word' id='word_1_275' title='bbox 1922 3875 1975 3922; x_wconf 75' lang='lat' dir='ltr'><strong>et</strong></span> <span class='ocrx_word' id='word_1_276' title='bbox 2013 3884 2082 3920; x_wconf 87' lang='lat' dir='ltr'><strong>m.</strong></span> <span class='ocrx_word' id='word_1_277' title='bbox 2122 3882 2171 3919; x_wconf 79' lang='lat' dir='ltr'><strong>a.</strong></span> <span class='ocrx_word' id='word_1_278' title='bbox 2210 3869 2245 3918; x_wconf 92' lang='lat'><strong>1.</strong></span> <span class='ocrx_word' id='word_1_279' title='bbox 2280 3867 2655 3936; x_wconf 71' lang='lat' dir='ltr'><strong>(Theodonu),</strong></span> 
     </span>
    </p>
   </div>
   <div class='ocr_carea' id='block_1_7' title="bbox 912 3960 2459 4200">
    <p class='ocr_par' dir='ltr' id='par_1_10' title="bbox 912 3960 2459 4198">
     <span class='ocr_line' id='line_1_36' title="bbox 944 3960 2459 4113; baseline -0.006 -48"><span class='ocrx_word' id='word_1_280' title='bbox 944 3960 1262 4113; x_wconf 35' lang='lat' dir='ltr'><strong>21}ss?</strong></span> <span class='ocrx_word' id='word_1_281' title='bbox 1391 4047 1418 4075; x_wconf 84' lang='grc'><em>.</em></span> <span class='ocrx_word' id='word_1_282' title='bbox 1597 4013 1626 4063; x_wconf 91' lang='lat'>1</span> <span class='ocrx_word' id='word_1_283' title='bbox 1696 4013 1748 4071; x_wconf 77' lang='lat'><strong>4,</strong></span> <span class='ocrx_word' id='word_1_284' title='bbox 1816 4013 1887 4063; x_wconf 64' lang='grc' dir='ltr'><strong>ιο</strong></span> <span class='ocrx_word' id='word_1_285' title='bbox 2094 4007 2459 4076; x_wconf 69' lang='lat' dir='ltr'><strong>(Palemon),</strong></span> 
     </span>
     <span class='ocr_line' id='line_1_37' title="bbox 912 4129 2357 4200; baseline -0.006 -14"><span class='ocrx_word' id='word_1_286' title='bbox 912 4135 1051 4186; x_wconf 84' lang='lat' dir='ltr'>v111</span> <span class='ocrx_word' id='word_1_287' title='bbox 1124 4137 1244 4190; x_wconf 83' lang='lat'><strong>93</strong></span> <span class='ocrx_word' id='word_1_288' title='bbox 1384 4172 1408 4198; x_wconf 90' lang='lat'>„</span> <span class='ocrx_word' id='word_1_289' title='bbox 1545 4133 1622 4184; x_wconf 86' lang='lat' dir='ltr'><strong>v1</strong></span> <span class='ocrx_word' id='word_1_290' title='bbox 1699 4136 1886 4200; x_wconf 79' lang='grc'>1,14</span> <span class='ocrx_word' id='word_1_291' title='bbox 2094 4129 2357 4198; x_wconf 73' lang='lat' dir='ltr'><strong>(Capito).</strong></span> 
     </span>
    </p>
   </div>
   <div class='ocr_carea' id='block_1_8' title="bbox 437 4221 3136 4459">
    <p class='ocr_par' dir='ltr' id='par_1_11' title="bbox 437 4221 3136 4459">
     <span class='ocr_line' id='line_1_38' title="bbox 437 4221 1644 4286; baseline -0.002 -14"><span class='ocrx_word' id='word_1_292' title='bbox 437 4227 491 4272; x_wconf 90' lang='lat' dir='ltr'><strong>et</strong></span> <span class='ocrx_word' id='word_1_293' title='bbox 529 4221 781 4286; x_wconf 69' lang='lat' dir='ltr'><strong>fortasse,</strong></span> <span class='ocrx_word' id='word_1_294' title='bbox 819 4223 868 4272; x_wconf 82' lang='lat' dir='ltr'><strong>si</strong></span> <span class='ocrx_word' id='word_1_295' title='bbox 905 4221 1300 4285; x_wconf 80' lang='lat' dir='ltr'><strong>Spaldingium</strong></span> <span class='ocrx_word' id='word_1_296' title='bbox 1339 4221 1644 4285; x_wconf 83' lang='lat' dir='ltr'><strong>sequimur,</strong></span> 
     </span>
     <span class='ocr_line' id='line_1_39' title="bbox 791 4303 2462 4374; baseline -0.004 -15"><span class='ocrx_word' id='word_1_297' title='bbox 791 4311 913 4359; x_wconf 81' lang='lat' dir='ltr'><strong>Iuv.</strong></span> <span class='ocrx_word' id='word_1_298' title='bbox 1005 4309 1054 4360; x_wconf 84' lang='lat' dir='ltr'>V</span> <span class='ocrx_word' id='word_1_299' title='bbox 1159 4312 1191 4360; x_wconf 79' lang='lat'>4</span> <span class='ocrx_word' id='word_1_300' title='bbox 1229 4315 1282 4359; x_wconf 86' lang='lat' dir='ltr'><strong>et</strong></span> <span class='ocrx_word' id='word_1_301' title='bbox 1320 4308 1506 4366; x_wconf 83' lang='lat' dir='ltr'><strong>Quint.</strong></span> <span class='ocrx_word' id='word_1_302' title='bbox 1545 4308 1621 4358; x_wconf 81' lang='lat' dir='ltr'><strong>VI</strong></span> <span class='ocrx_word' id='word_1_303' title='bbox 1696 4311 1745 4372; x_wconf 89' lang='lat'><strong>3,</strong></span> <span class='ocrx_word' id='word_1_304' title='bbox 1820 4311 1903 4367; x_wconf 80' lang='grc'><strong>27,</strong></span> <span class='ocrx_word' id='word_1_305' title='bbox 1976 4310 2059 4374; x_wconf 77' lang='grc'><strong>62,</strong></span> <span class='ocrx_word' id='word_1_306' title='bbox 2098 4309 2165 4357; x_wconf 79' lang='lat'><strong>64</strong></span> <span class='ocrx_word' id='word_1_307' title='bbox 2199 4303 2462 4371; x_wconf 77' lang='lat' dir='ltr'><strong>(Gabba).</strong></span> 
     </span>
     <span class='ocr_line' id='line_1_40' title="bbox 643 4390 3136 4459; baseline -0.003 -12"><span class='ocrx_word' id='word_1_308' title='bbox 643 4398 683 4459; x_wconf 79' lang='lat'><strong>³)</strong></span> <span class='ocrx_word' id='word_1_309' title='bbox 723 4397 861 4448; x_wconf 90' lang='lat' dir='ltr'><strong>Dial.</strong></span> <span class='ocrx_word' id='word_1_310' title='bbox 902 4409 946 4446; x_wconf 85' lang='lat' dir='ltr'><strong>c.</strong></span> <span class='ocrx_word' id='word_1_311' title='bbox 987 4401 1012 4446; x_wconf 94' lang='lat'>1</span> <span class='ocrx_word' id='word_1_312' title='bbox 1053 4397 1230 4444; x_wconf 75' lang='lat' dir='ltr'><strong>horum</strong></span> <span class='ocrx_word' id='word_1_313' title='bbox 1276 4403 1446 4445; x_wconf 79' lang='lat' dir='ltr'><strong>autem</strong></span> <span class='ocrx_word' id='word_1_314' title='bbox 1493 4403 1768 4458; x_wconf 79' lang='lat' dir='ltr'><strong>tempomm</strong></span> <span class='ocrx_word' id='word_1_315' title='bbox 1806 4393 1987 4442; x_wconf 67' lang='lat' dir='ltr'><strong>diserti</strong></span> <span class='ocrx_word' id='word_1_316' title='bbox 2022 4392 2271 4442; x_wconf 70' lang='lat' dir='ltr'><strong>causidici</strong></span> <span class='ocrx_word' id='word_1_317' title='bbox 2316 4399 2363 4441; x_wconf 78' lang='lat' dir='ltr'><strong>et</strong></span> <span class='ocrx_word' id='word_1_318' title='bbox 2390 4390 2609 4456; x_wconf 73' lang='lat' dir='ltr'><strong>patroni</strong></span> <span class='ocrx_word' id='word_1_319' title='bbox 2644 4400 2691 4442; x_wconf 73' lang='lat' dir='ltr'><strong>et</strong></span> <span class='ocrx_word' id='word_1_320' title='bbox 2728 4390 2931 4456; x_wconf 67' lang='lat' dir='ltr'><strong>quidvis</strong></span> <span class='ocrx_word' id='word_1_321' title='bbox 2961 4392 3136 4455; x_wconf 75' lang='lat' dir='ltr'><strong>potine</strong></span> 
     </span>
    </p>
   </div>
   <div class='ocr_carea' id='block_1_9' title="bbox 436 4491 3139 4907">
    <p class='ocr_par' dir='ltr' id='par_1_12' title="bbox 437 4491 1154 4547">
     <span class='ocr_line' id='line_1_41' title="bbox 437 4491 1154 4547; baseline -0.004 -13"><span class='ocrx_word' id='word_1_322' title='bbox 437 4499 586 4547; x_wconf 73' lang='lat' dir='ltr'><strong>quam</strong></span> <span class='ocrx_word' id='word_1_323' title='bbox 627 4491 852 4532; x_wconf 74' lang='lat' dir='ltr'><strong>oratores</strong></span> <span class='ocrx_word' id='word_1_324' title='bbox 891 4491 1154 4532; x_wconf 75' lang='lat' dir='ltr'><strong>vocantur.</strong></span> 
     </span>
    </p>

    <p class='ocr_par' dir='ltr' id='par_1_13' title="bbox 436 4565 3139 4907">
     <span class='ocr_line' id='line_1_42' title="bbox 644 4565 3139 4638; baseline -0.002 -16"><span class='ocrx_word' id='word_1_325' title='bbox 644 4573 686 4633; x_wconf 85' lang='lat'><strong>⁴)</strong></span> <span class='ocrx_word' id='word_1_326' title='bbox 724 4571 846 4629; x_wconf 89' lang='lat' dir='ltr'><strong>Qua</strong></span> <span class='ocrx_word' id='word_1_327' title='bbox 884 4585 948 4621; x_wconf 86' lang='lat' dir='ltr'><strong>re</strong></span> <span class='ocrx_word' id='word_1_328' title='bbox 983 4576 1293 4622; x_wconf 86' lang='lat' dir='ltr'><strong>commotus</strong></span> <span class='ocrx_word' id='word_1_329' title='bbox 1332 4570 1619 4622; x_wconf 81' lang='lat' dir='ltr'><strong>Iuvenalis</strong></span> <span class='ocrx_word' id='word_1_330' title='bbox 1657 4567 1746 4638; x_wconf 57' lang='lat' dir='ltr'><strong>de*⁴</strong></span> <span class='ocrx_word' id='word_1_331' title='bbox 1763 4570 2119 4633; x_wconf 85' lang='lat' dir='ltr'><strong>philosophi</strong></span> <span class='ocrx_word' id='word_1_332' title='bbox 2163 4569 2309 4619; x_wconf 84' lang='lat' dir='ltr'><strong>nihil</strong></span> <span class='ocrx_word' id='word_1_333' title='bbox 2357 4568 2626 4634; x_wconf 86' lang='lat' dir='ltr'><strong>attulerit,</strong></span> <span class='ocrx_word' id='word_1_334' title='bbox 2682 4567 2843 4618; x_wconf 84' lang='lat' dir='ltr'><strong>varie</strong></span> <span class='ocrx_word' id='word_1_335' title='bbox 2896 4565 3139 4618; x_wconf 86' lang='lat' dir='ltr'><strong>iudicari</strong></span> 
     </span>
     <span class='ocr_line' id='line_1_43' title="bbox 436 4659 3138 4723; baseline -0.002 -14"><span class='ocrx_word' id='word_1_336' title='bbox 436 4673 598 4723; x_wconf 85' lang='lat' dir='ltr'><strong>posse</strong></span> <span class='ocrx_word' id='word_1_337' title='bbox 658 4660 920 4709; x_wconf 87' lang='lat' dir='ltr'><strong>conced0.</strong></span> <span class='ocrx_word' id='word_1_338' title='bbox 977 4659 1242 4710; x_wconf 80' lang='lat' dir='ltr'><strong>Attamen</strong></span> <span class='ocrx_word' id='word_1_339' title='bbox 1287 4672 1476 4709; x_wconf 89' lang='lat' dir='ltr'><strong>nonne</strong></span> <span class='ocrx_word' id='word_1_340' title='bbox 1523 4659 1768 4708; x_wconf 78' lang='lat' dir='ltr'><strong>maxime</strong></span> <span class='ocrx_word' id='word_1_341' title='bbox 1823 4659 2123 4721; x_wconf 85' lang='lat' dir='ltr'><strong>probabile</strong></span> <span class='ocrx_word' id='word_1_342' title='bbox 2168 4661 2252 4707; x_wconf 82' lang='lat' dir='ltr'><strong>est</strong></span> <span class='ocrx_word' id='word_1_343' title='bbox 2286 4667 2483 4707; x_wconf 86' lang='lat' dir='ltr'><strong>eorum</strong></span> <span class='ocrx_word' id='word_1_344' title='bbox 2520 4660 2725 4707; x_wconf 81' lang='lat' dir='ltr'><strong>sortem</strong></span> <span class='ocrx_word' id='word_1_345' title='bbox 2764 4669 2831 4704; x_wconf 89' lang='lat' dir='ltr'><strong>eo</strong></span> <span class='ocrx_word' id='word_1_346' title='bbox 2869 4660 3138 4720; x_wconf 83' lang='lat' dir='ltr'><strong>tempore,</strong></span> 
     </span>
     <span class='ocr_line' id='line_1_44' title="bbox 439 4739 3137 4815; baseline -0.002 -16"><span class='ocrx_word' id='word_1_347' title='bbox 439 4762 552 4812; x_wconf 92' lang='lat' dir='ltr'><strong>quo</strong></span> <span class='ocrx_word' id='word_1_348' title='bbox 577 4753 770 4800; x_wconf 81' lang='lat' dir='ltr'><strong>satura</strong></span> <span class='ocrx_word' id='word_1_349' title='bbox 797 4747 1108 4812; x_wconf 83' lang='lat' dir='ltr'><strong>composita</strong></span> <span class='ocrx_word' id='word_1_350' title='bbox 1145 4751 1242 4814; x_wconf 87' lang='lat' dir='ltr'><strong>est,</strong></span> <span class='ocrx_word' id='word_1_351' title='bbox 1279 4761 1392 4798; x_wconf 88' lang='lat' dir='ltr'><strong>non</strong></span> <span class='ocrx_word' id='word_1_352' title='bbox 1420 4750 1533 4800; x_wconf 85' lang='lat' dir='ltr'><strong>tam</strong></span> <span class='ocrx_word' id='word_1_353' title='bbox 1561 4747 1823 4802; x_wconf 76' lang='lat' dir='ltr'><strong>miseram</strong></span> <span class='ocrx_word' id='word_1_354' title='bbox 1850 4745 2036 4810; x_wconf 73' lang='lat' dir='ltr'><strong>tuisse,</strong></span> <span class='ocrx_word' id='word_1_355' title='bbox 2075 4753 2137 4797; x_wconf 81' lang='lat' dir='ltr'><strong>ut</strong></span> <span class='ocrx_word' id='word_1_356' title='bbox 2158 4739 2425 4815; x_wconf 57' lang='lat' dir='ltr'><strong>poetassde</strong></span> <span class='ocrx_word' id='word_1_357' title='bbox 2450 4756 2645 4800; x_wconf 82' lang='lat' dir='ltr'><strong>eorum</strong></span> <span class='ocrx_word' id='word_1_358' title='bbox 2672 4743 3005 4802; x_wconf 77' lang='lat' dir='ltr'><strong>condicione</strong></span> <span class='ocrx_word' id='word_1_359' title='bbox 3028 4743 3137 4801; x_wconf 78' lang='lat' dir='ltr'><strong>sibi</strong></span> 
     </span>
     <span class='ocr_line' id='line_1_45' title="bbox 437 4831 1296 4907; baseline -0.001 -15"><span class='ocrx_word' id='word_1_360' title='bbox 437 4837 840 4907; x_wconf 79' lang='lat' dir='ltr'><strong>disputandum</strong></span> <span class='ocrx_word' id='word_1_361' title='bbox 878 4848 999 4892; x_wconf 74' lang='lat' dir='ltr'><strong>esse</strong></span> <span class='ocrx_word' id='word_1_362' title='bbox 1032 4831 1296 4905; x_wconf 67' lang='lat' dir='ltr'><strong>putatet?</strong></span> 
     </span>
    </p>
   </div>
  </div>
 </body>
</html>
