3567 5109
1617 208 2055 271 -98-

487 427 627 474 non
677 425 955 488 semper
1001 405 1458 469 librariorum
1491 404 1935 484 neglegentia
1968 409 2037 466 et
2068 403 2337 467 incuria
2383 411 2577 467 ortae
2622 405 2868 482 sunt1).
2918 403 3189 476 Quibus

485 513 571 577 de
647 513 874 576 causis
960 511 1306 576 Isidorum
1391 530 1474 573 ex
1541 509 1858 574 fontibus
1924 509 2211 573 Graecis
2275 511 2583 572 hausisse
2650 527 2853 572 nemo
2932 509 3189 572 credet.

483 617 879 697 Scriptores
911 617 1128 696 igitur
1157 615 1446 678 Latinos
1479 615 1668 678 solos
1701 615 1965 678 evolvit
2002 621 2208 693 atque
2241 633 2361 677 eos
2395 614 2780 694 permultos
2828 633 2913 678 ex
2964 615 3191 693 iisque

484 722 716 784 omnia
763 723 927 798 fere,
977 737 1151 800 quae
1197 720 1420 796 habet,
1467 720 1865 799 exscripsit.
1911 719 2061 792 Qua
2106 719 2181 781 in
2227 737 2305 782 re
2352 719 2481 781 hac
2528 725 2635 782 est
2682 738 2852 781 usus
2900 719 3192 794 ratione,

485 835 558 888 ut
601 827 774 888 alios
807 828 1002 889 locos
1034 824 1120 888 ad
1154 823 1452 888 verbum
1485 823 2009 898 transcriberet,
2060 825 2236 886 alios
2268 823 2719 886 contraheret
2769 824 3195 903 paulumque

487 932 902 1005 immutaret,
951 932 1046 993 ita
1104 935 1356 1006 tamen,
1404 937 1476 992 ut
1524 929 1911 1010 scriptoris,
1961 949 2163 1008 quem
2214 928 2550 1009 sequitur,
2598 931 2929 992 nonnulla
2978 927 3195 990 verba

486 1043 607 1100 aut
655 1037 1014 1100 enuntiata
1048 1052 1325 1115 semper
1369 1034 1517 1098 fere
1562 1039 1849 1100 restent.
1896 1033 2153 1097 Eadem
2190 1035 2465 1097 ratione
2498 1053 2654 1098 eum
2701 1038 2773 1096 in
2822 1033 3195 1112 Originum

484 1141 688 1204 libris
749 1159 954 1204 usum
1021 1157 1172 1203 esse
1235 1141 1568 1220 colligere
1637 1157 2010 1220 possumus
2075 1157 2162 1202 ex
2228 1140 2523 1219 epistula
2586 1146 2785 1202 sexta
2843 1139 2931 1201 ad
2978 1139 3191 1200 Brau-

485 1246 740 1308 lionem
807 1245 1044 1324 missa,
1109 1245 1230 1306 ubi
1293 1245 1461 1306 haec
1526 1245 1789 1323 scripta
1854 1243 2215 1322 leguntur:
2287 1239 2388 1302 En
2438 1239 2569 1322 tihi,
2636 1240 2807 1304 sicut
2843 1239 3193 1324 pollicitus

488 1369 652 1426 mem,
697 1347 847 1409 mixi
891 1369 1054 1431 opus
1099 1345 1176 1408 de
1223 1345 1464 1431 oriyivw
1510 1343 1921 1428 quarundam
1964 1367 2173 1408 rerum
2223 1367 2304 1408 ea:
2348 1347 2583 1408 veteris
2634 1343 2927 1408 lecti-onis
2990 1365 3190 1406 recor-

485 1450 750 1516 datione
799 1449 1130 1515 collectum
1193 1459 1382 1533 atque
1429 1449 1454 1512 ·1'
1460 1459 1528 1512 ta
1589 1449 1654 1512 in
1701 1449 2069 1532 quibusdam
2119 1458 2494 1513 ‹turcotam-m
2552 1449 2723 1512 sicut
2770 1457 2989 1512 ωηατ
3055 1469 3191 1512 con·

487 1555 798 1640 scriptum
853 1555 1008 1619 stilo
1063 1555 1396 1618 maim-um.
1464 1558 1670 1620 Recte
1723 1565 1951 1620 autem
2008 1561 2279 1620 monuit
2330 1557 2781 1634 Dresselius²)
2845 1573 3193 1637 perpauca

487 1681 638 1726 esse
683 1681 813 1744 pro
859 1663 1301 1726 multitudine
1348 1681 1582 1726 rerum
1630 1663 1718 1725 ad
1762 1664 2054 1726 verbum
2102 1663 2613 1742 exscriptarum
2678 1662 2777 1724 ita
2808 1664 3192 1738 immutata,

490 1773 566 1830 ut
613 1767 970 1848 propriam
1036 1766 1408 1830 Isidoriani
1477 1769 1738 1847 ingenii
1806 1770 2109 1849 speciem
2173 1786 2343 1848 prae
2390 1787 2465 1831 se
2510 1767 2761 1830 ferant.
2829 1771 3193 1846 totumque

489 1873 1074 1954 etymologiarum
1159 1873 1468 1936 codicem
1555 1872 1818 1937 alienae
1908 1874 2325 1936 eruditionis
2416 1891 2567 1936 esse
2656 1873 3193 1952 receptaculum,

491 1978 560 2041 in
615 1996 752 2057 quo
805 1977 1214 2058 transcripti
1248 1978 1573 2058 legantur
1623 1977 2163 2042 innumerabiles
2211 1978 2589 2040 multorum
2626 1983 2995 2040 auctorum
3042 1976 3192 2038 loci.

493 2085 816 2146 Veterum
879 2083 1099 2161 igitur
1165 2085 1583 2162 scriptorum
1642 2083 1959 2147 Isidorus
2022 2083 2239 2145 tradit
2305 2083 2711 2160 doctrinam,
2776 2101 2919 2144 non
2978 2099 3193 2144 suam.

496 2189 734 2267 Itaque
783 2186 1165 2250 cavendum
1211 2194 1333 2263 est,
1381 2205 1466 2249 ne
1514 2189 1644 2268 ipsi
1691 2205 1770 2250 ea
1817 2189 2228 2265 tribuamus,
2276 2205 2456 2267 quae
2502 2205 2585 2250 ex
2635 2205 2941 2266 quonam
3002 2186 3195 2248 fonte

495 2291 833 2355 fluxerint
862 2293 1300 2370 ignoramus3
1337 2310 1562 2371 neque
1595 2293 1778 2354 enim
1816 2293 2103 2356 dubium
2136 2299 2257 2367 est,
2300 2292 2467 2372 quin
2501 2291 2859 2371 quosdam,
2892 2307 3193 2370 quorum

495 2397 656 2459 libri
705 2396 1081 2476 perierunt,
1131 2397 1513 2476 scriptores
1561 2398 1841 2460 noverit
1886 2405 1955 2460 et
2002 2397 2267 2477 legerit.

702 2499 970 2572 Quibus
1018 2501 1402 2580 propositis
1470 2504 1602 2564 iam
1671 2503 1760 2564 ad
1824 2519 1925 2578 ea,
1976 2521 2155 2582 quae
2203 2509 2367 2566 sunt
2429 2503 2514 2566 de
2561 2502 2927 2577 rhetorica,
2976 2501 3201 2580 capita

501 2605 1014 2668 consideranda
1063 2607 1577 2686 aggrediamur.

711 2711 954 2790 Capita
1023 2711 1116 2788 V„
1181 2712 1308 2788 VI.,
1379 2712 1576 2786 VIII„
1623 2713 1733 2775 IX.
1781 2713 1869 2774 ad
1917 2713 2207 2774 verbum
2256 2713 2407 2776 fere
2452 2732 2537 2775 ex
2588 2711 2998 2775 Cassiodori
3048 2711 3200 2772 rhe-

499 2814 718 2877 torica
767 2815 1122 2894 exscripta
1170 2815 1417 2894 sunt'³⁸).
1465 2816 1640 2878 Item
1691 2823 1896 2895 caput
1942 2818 2242 2895 primum
2276 2835 2597 2896 magnam
2634 2823 2899 2896 partem
2954 2833 3038 2877 ex
3086 2815 3202 2876 illa

499 2925 853 2999 sumptum
903 2929 1006 2982 est
1023 2941 1038 2998 ;
1090 2919 1417 2983 conferas
1465 2939 1720 3000 quaeso

763 3041 1074 3092 Cassiodor.
1117 3043 1142 3090 I
1179 3057 1232 3103 p.
1270 3043 1373 3092 495
1412 3043 1528 3104 (H.)
1846 3045 1852 3137 Ι·
2180 3045 2374 3094 Isidos.
2416 3059 2458 3092 c.
2500 3044 2541 3092 1.
2581 3057 2633 3105 p.
2675 3045 2775 3092 507
2802 3043 2918 3102 (H.)

637 3144 979 3195 Rhetorica
1018 3145 1255 3196 dicitur
1291 3143 1417 3196 ἀπὸ
1457 3150 1570 3196 τοῦ
1610 3144 1792 3212 (into-
1844 3144 1849 3215 1
2044 3147 2319 3198 Rhetorica
2344 3147 2610 3198 estbene
2641 3146 3197 3197 dicendi-scienti«

499 3231 740 3296 ρεύειν,
765 3231 830 3280 id
857 3238 948 3281 eet
973 3233 1156 3294 copia
1182 3231 1431 3284 deductae
1457 3233 1794 3284 locutionis
1899 3237 1961 3282 in
1998 3237 2120 3284 civi
2140 3235 2305 3284 libus
2342 3233 2837 3300 quaestionibus,
2878 3233 2953 3283 ad
2978 3249 3198 3297 persem-

499 3320 730 3380 influere.
802 3319 904 3368 Are
965 3326 1128 3369 aretem
1194 3319 1444 3370 rhetorica
1517 3328 1606 3377 est,
1667 3324 1795 3371 elcut
1898 3322 2119 3372 (lendum
2142 3325 2281 3372 itata
2306 3329 2353 3373 e!
2379 3323 2524 3372 bona.
2566 3322 2757 3373 Da’cta
2795 3328 2963 3372 antem
2998 3321 3198 3371 rheto-

499 3408 731 3472 maqistri
801 3406 1013 3457 tradunt
1082 3408 1420 3458 saecularium
1483 3408 1791 3466 litterarum,
1846 3382 1849 3477 J
1897 3412 2033 3458 rica
2072 3410 2275 3460 Graeca
2312 3409 2657 3472 appellatione
2702 3405 2829 3459 ἀπὸ
2868 3413 2986 3458 τοῦ
3024 3407 3201 3474 (nyto-

499 3494 649 3544 beue
709 3493 967 3546 dicendi
1034 3497 1313 3545 scientia
1370 3497 1436 3544 in
1497 3495 1793 3546 civilibus
1846 3482 1849 3521 Ι
1900 3497 2137 3561 (μύειν,
2208 3496 2273 3545 id
2343 3503 2435 3547 eet
2496 3515 2532 3547 a
2588 3498 2773 3559 copia
2834 3497 3200 3547 locutioni-³:

499 3584 866 3647 quaestioni
875 3581 996 3632 bue.
1845 3578 1849 3591 '
1900 3582 2051 3648 ῥῆσις
2112 3587 2243 3634 enim
2302 3593 2425 3648 aput
2486 3583 2714 3636 Graecos
2768 3583 2946 3635 locutio
3003 3584 3200 3641 dieitur,

1844 3644 1850 3714 ἲ
1900 3669 2080 3736 ῥήτωρ
2116 3679 2307 3722 orator.

711 3777 897 3840 Haec
943 3777 1199 3840 Isidori
1248 3777 1562 3842 definitio
1581 3779 1629 3859 ¹¹)
1680 3780 1838 3843 ideo
1884 3781 2202 3860 profecto
2252 3780 2629 3858 singularis
2677 3785 2800 3856 est,
2848 3781 3041 3858 quod
3092 3780 3200 3842 ad-

503 3885 630 3946 dit:
679 3879 764 3942 ad
799 3878 1322 3964 persuadendum
1371 3880 1548 3945 iusta
1594 3892 1654 3944 et
1699 3881 1879 3948 bona.
1932 3886 2080 3948 Non
2132 3885 2395 3962 dubito,
2454 3887 2621 3964 quin
2668 3884 2993 3947 Isidorus
3040 3886 3201 3947 haec

711 4058 752 4124 ¹)
791 4061 859 4110 ci.
900 4057 1153 4118 Dresscl.,
1202 4057 1278 4105 De
1319 4056 1508 4107 Isidori
1533 4059 1797 4121 Orign'num
1824 4059 2072 4122 sontibus.
2114 4060 2444 4110 Dissertatio
2484 4060 2855 4122 inungui-alis,
2916 4061 3201 4122 Augustae

500 4149 667 4199 Taur.
709 4149 859 4209 1⁸74,
899 4161 950 4208 p.
993 4150 1073 4195 11.

713 4234 732 4269 ²
795 4235 829 4284 l.
871 4236 906 4284 1.
987 4273 998 4282 .
1039 4235 1086 4283 2.

713 4236 756 4387 ³3
795 4323 861 4371 ef.
905 4249 981 4371 Cf)
1003 4321 1235 4385 Halmii,
1275 4323 1376 4374 Rh.
1417 4324 1474 4372 L.
1515 4329 1602 4388 M„
1641 4325 1854 4375 adnott.
1898 4325 1965 4374 ad
2008 4327 2145 4374 haec
2184 4337 2287 4384 cc.;
2328 4324 2565 4375 Drcssel.
2605 4325 2639 4375 l.
2678 4326 2713 4374 l.
2756 4339 2807 4386 p.
2850 4329 2933 4374 51.

713 4429 750 4481 ⁸)
792 4427 1038 4477 Cassiod.
1081 4429 1121 4490 l,
1161 4441 1213 4488 p.
1255 4430 1358 4478 495
1399 4429 1514 4488 (H.)
2157 4429 2355 4479 Isidor.
2395 4443 2438 4478 c.
2477 4430 2599 4493 111,
2638 4443 2691 4492 p.
2731 4431 2830 4479 507
2872 4431 2990 4490 (Η)

726 4531 914 4581 Orator
957 4532 1109 4596 igilur
1146 4538 1220 4580 eet
1267 4534 1345 4581 cir
1409 4531 1563 4580 bonta
1599 4531 1803 4582 dicendi
2052 4535 2241 4582 Orator
2300 4540 2374 4582 est
2426 4535 2583 4597 ἐρίων
2643 4535 2723 4583 vir
2784 4533 2943 4582 bonu-3
3002 4533 3205 4583 dicandi

499 4620 708 4683 peritus.
1844 4600 1855 4675 l
1898 4620 2115 4682 peritus.

581 4724 828 4776 Cassiod.
869 4724 988 4787 ipse
1030 4725 1256 4776 Catonis
1295 4725 1678 4778 definitionem
1718 4726 1794 4788 [ρ.
1838 4727 1926 4790 ⁸0,
1951 4725 2030 4790 fr.
2074 4729 2131 4775 14
2171 4725 2339 4776 lor-ew
2376 4730 2446 4781 ad
2486 4733 2726 4781 verbum
2766 4737 2993 4782 secutus
3028 4736 3125 4782 est.
