3567 5109
1392 315 1880 378 —123—

262 524 581 606 aequales
636 525 678 589 Ιι
735 524 930 590 modo
994 525 1126 590 vim
1174 527 1597 592 consonantis
1641 526 1906 607 habere,
1973 527 2168 592 modo
2226 527 2818 610 collaqueationem
2873 527 2988 592 ad-

265 633 526 696 mittere
591 638 791 715 prout
850 638 1059 698 metro
1118 633 1543 714 desideretur,
1610 635 1758 717 pari
1822 635 2025 717 igitur
2089 633 2281 699 modo
2338 633 2657 699 fluctuare
2713 641 2912 718 atque
2958 657 2992 698 s

264 736 555 818 finalem,
604 761 773 822 quae
822 761 941 822 pro
988 761 1211 805 versus
1258 741 1650 806 necessitate
1698 748 1765 806 et
1810 742 2202 824 positionem
2239 741 2450 807 faciat
2485 749 2554 806 et
2587 763 2720 806 non
2758 740 2988 806 faciat.

263 843 467 929 Quod
510 851 587 910 ut
631 847 977 926 evinceret,
1027 847 1087 912 ei
1127 849 1637 931 contigisse‘viri
1678 848 1895 913 docti¹
1933 855 2108 913 recte
2146 855 2409 932 negant.
2454 849 2537 913 In
2576 848 2740 913 silva
2779 870 2990 912 exem-

269 951 549 1035 plorum,
616 975 817 1037 quam
872 975 913 1018 a
960 976 1023 1036 p.
1066 957 1147 1020 57
1198 976 1405 1038 usque
1452 954 1537 1020 ad
1584 977 1646 1038 p.
1688 958 1771 1020 70
1820 956 2151 1039 proponit,
2219 937 2542 1020 nonnulla
2585 955 2775 1020 aliter
2821 955 2989 1019 acci-

259 1059 514 1142 pienda
558 1058 661 1124 vel
709 1069 1019 1143 corrupta
1066 1082 1207 1126 esse
1256 1061 1543 1127 Skutsch
1590 1065 1707 1126 sub
1755 1063 1896 1126 iure
1945 1062 2310 1146 opposuit2.
2393 1063 2564 1145 Birt,
2622 1063 2744 1127 etsi
2790 1062 2992 1146 igitur

266 1167 697 1232 fundamento
735 1188 1155 1252 nequaquam
1194 1167 1403 1234 solido
1440 1169 1692 1247 nititur,
1744 1169 1944 1234 etiam
1981 1167 2240 1252 longius
2280 1190 2664 1252 progressus
2699 1170 2772 1234 in
2808 1169 2990 1234 iunc—

264 1274 454 1352 turiS,
518 1272 695 1338 velut
756 1273 965 1340 P293
1028 1277 1363 1360 offtmato
1426 1278 1651 1340 animo
1707 1282 1773 1340 et
1819 1275 1990 1341 A84
2056 1277 2375 1341 obstinato
2430 1277 2672 1358 animo,
2739 1275 2993 1344 hiatum

266 1385 537 1463 propter
572 1403 615 1445 a
650 1380 925 1446 fortiore
972 1403 1121 1446 cum
1159 1383 1393 1466 spiritu
1424 1383 1964 1470 pronuntiatum³
2002 1384 2332 1448 existimat
2359 1403 2740 1447 concessum
2768 1381 2991 1447 fuisse.

262 1485 486 1571 Quam
550 1488 885 1572 spinosam
952 1489 1273 1553 rationem
1338 1510 1547 1572 aeque
1612 1511 1689 1554 ac
1755 1491 1883 1554 vim
1946 1489 2338 1572 aspirationi
2401 1489 2719 1554 tributam
2773 1489 2990 1554 valere

266 1595 534 1659 minime
581 1595 713 1659 veri
751 1595 961 1659 simile
1000 1603 1119 1676 est,
1168 1596 1347 1679 quod
1375 1595 1586 1675 nobiS,
1636 1597 1689 1660 si
1728 1617 1875 1661 eam
1905 1595 2395 1679 amplectemur,
2444 1596 2778 1661 fortiorem
2807 1597 2991 1661 illam

268 1702 872 1785 pronuntiationem
918 1702 1301 1786 plerumque
1341 1703 1710 1786 neglectam
1746 1725 1888 1768 esse
1926 1704 2348 1768 statuendum
2378 1704 2515 1768 erit.
2562 1704 2800 1788 Neque
2838 1724 2990 1768 vero

268 1829 493 1873 omnes
539 1808 759 1874 hiatus
798 1810 1087 1892 exceptis
1121 1811 1223 1888 iis,
1269 1810 1381 1892 qui
1420 1810 1614 1894 vulgo
1656 1809 1928 1893 legitimi
1967 1810 2313 1889 habentur,
2353 1811 2716 1893 exstirpare
2754 1811 2988 1890 aude0,

266 1921 343 1979 ut
378 1915 637 1980 Bitschl
664 1915 875 1981 voluit
899 1922 966 1980 et
1004 1915 1288 1982 Skutsch
1325 1917 1583 1982 videtur
1618 1916 1921 2000 probare.
1968 1917 2144 1983 Nam
2183 1939 2332 1982 cum
2367 1939 2558 1982 voces
2595 1939 2727 1982 non
2765 1937 2989 1983 mono-

266 2021 561 2106 syllabae
605 2025 673 2087 in
712 2022 861 2106 plus
898 2024 1326 2108 septingentis
1362 2025 1659 2088 versibus
1698 2024 2029 2089 Plautinis
2073 2025 2326 2090 hiatum
2364 2024 2716 2104 efficiant⁴‚
2765 2013 2990 2089 omnes

264 2127 387 2193 hos
434 2129 535 2194 vel
580 2129 830 2222 levibus
886 2129 1016 2195 illis
1069 2131 1363 2196 artificiis
1420 2132 1554 2196 sive
1602 2126 1836 2196 vocula
1882 2132 2130 2196 inserta
2186 2132 2316 2197 sive
2367 2131 2597 2197 ordine
2643 2130 2988 2196 verborum

264 2238 613 2302 immutato
642 2237 873 2303 tollere
902 2259 1147 2303 vereor.
1197 2238 1504 2304 Ceterum
1542 2238 1862 2303 lubricam
1899 2238 2073 2303 hanc
2104 2239 2556 2322 quaestionem
2596 2237 2990 2322 primoribus

264 2342 471 2408 labris
537 2345 831 2427 attigisse
880 2346 1040 2409 satis
1095 2344 1337 2427 habe03
1402 2367 1557 2410 nam
1606 2346 1693 2411 ad
1740 2367 1884 2410 eam
1939 2345 2366 2411 tractandam
2401 2345 2719 2429 peculiari
2766 2345 2987 2428 dispu-

264 2450 517 2515 tatione
583 2472 751 2533 opus
816 2458 1007 2532 esset,
1075 2453 1179 2516 cui
1243 2452 1351 2516 hic
1406 2473 1527 2516 nec
1574 2451 1756 2517 locus
1807 2458 1906 2517 est
1959 2473 2081 2517 nec
2130 2452 2295 2517 vires
2339 2473 2526 2516 meae
2573 2473 2768 2535 pares
2814 2457 2985 2514 sunt.

267 2556 571 2622 Sufficiat
614 2558 817 2642 igitur
860 2558 1027 2622 haec
1077 2558 1428 2623 delibasse:
1476 2559 1728 2624 Iniuria
1772 2559 2028 2623 hiatum
2064 2558 2374 2628 'Ribbeck
2421 2560 2694 2622 removit
2737 2557 2807 2622 in
2845 2579 2988 2640 sep-

262 2663 539 2729 tenariis
573 2665 925 2730 trochaicis
962 2664 1029 2729 A
1055 2667 1201 2743 149,
1238 2668 1389 2744 432,
1427 2663 1543 2730 ubi
1582 2665 1864 2730 diaeresi
1901 2666 2062 2730 satis
2103 2664 2500 2730 defenditur.
2551 2664 2782 2746 Neque
2814 2670 2990 2728 recte

262 2768 440 2848 fecit,
510 2770 689 2854 quod
733 2772 941 2837 P293
1000 2778 1217 2837 tamen
1272 2773 1607 2856 offirmato
1636 2772 1667 2858 ΙΙ
1697 2774 1922 2837 ani-mo
1953 2772 2258 2838 mitescit
2299 2778 2509 2836 metus
2555 2775 2622 2835 et
2665 2768 2841 2835 A84
2906 2771 2991 2836 Ut

264 2883 403 2941 tam
448 2878 769 2942 obstinato
799 2877 829 2964 ΙΙ
859 2901 1085 2944 ammo
1129 2881 1419 2964 confisus
1477 2885 1586 2944 tuo
1634 2900 1781 2944 eum
1830 2877 2098 2943 sustulit
2153 2877 2342 2943 alteri
2390 2879 2606 2942 versui
2650 2884 2712 2942 et
2755 2876 2990 2960 praefi-

256 3004 445 3066 gens,
494 2984 564 3047 in
611 2982 821 3048 altero
868 2986 1235 3058 obstinatod
1277 2983 1593 3050 scribenS.
1642 2985 1824 3050 Illud
1861 2985 2223 3050 remedium
2251 2984 2376 3049 vile
2417 2992 2483 3049 et
2519 2983 2830 3066 frigidum
2869 2989 2987 3062 est,

261 3089 389 3154 hoc
414 3111 551 3154 non
580 3090 939 3172 probabile,
973 3094 1285 3176 quoniam
1311 3093 1412 3156 vel
1442 3092 1620 3176 apud
1649 3093 1962 3158 Plautum
1992 3098 2177 3157 vetus
2207 3090 2478 3156 ablativi
2515 3090 2889 3154 terminatio
2918 3090 2989 3154 in

264 3196 783 3279 pronominibus,
832 3219 965 3263 non
1011 3199 1082 3265 in
1120 3199 1497 3265 nominibus
1532 3206 1794 3265 retenta
1832 3220 1974 3263 esse
2012 3199 2328 3263 videtur5.
2375 3197 2632 3262 Eadem
2667 3196 2748 3260 de
2788 3217 2988 3262 causa

263 3301 437 3368 A85
485 3326 577 3368 an
620 3306 897 3389 malam)
950 3311 1152 3372 aetate
1193 3358 1206 3371 .
1254 3359 1267 3372 .
1321 3306 1651 3390 displicet3
1710 3307 1930 3388 potius
1977 3327 2126 3370 cum
2172 3304 2244 3371 O.
2293 3305 2368 3369 F.
2417 3303 2740 3369 Muellero
2788 3301 2988 3368 verba

254 3432 354 3474 an
389 3412 567 3475 mala
603 3410 1020 3476 antecedenti
1058 3414 1277 3478 versui
1304 3411 1682 3478 tribuemus.
1719 3413 2119 3478 Emendavit
2145 3418 2363 3476 autem
2391 3410 2558 3476 bene
2589 3410 2985 3475 Buecheler:

263 3516 329 3580 A
378 3538 475 3599 pr.
516 3519 555 3580 4
603 3518 747 3583 Ince
782 3525 1061 3602 patrum
1114 3521 1336 3584 hostili
1385 3521 1617 3604 fusum
1670 3542 1966 3604 sanyzaeen
2017 3520 2338 3603 sanquine
2393 3518 2508 3597 ita,
2563 3523 2640 3582 ut
2681 3518 2984 3602 patrium

262 3621 602 3702 scriberet,
654 3625 833 3709 quod
879 3629 947 3689 et
991 3625 1463 3708 aequabilitate
1502 3628 1821 3692 sermonis
1860 3633 1926 3691 et
1962 3625 2398 3691 collocatione
2438 3623 2784 3689 verborum
2801 3644 2990 3688 com-

480 3851 501 3886 ¹
535 3852 830 3922 Niemeyer
868 3853 1291 3921 (Wochenschr.
1321 3855 1361 3908 f.
1390 3856 1557 3908 klass.
1587 3855 1735 3909 Phil.
1777 3857 1932 3924 1901,
1971 3873 2024 3923 p.
2055 3855 2234 3922 1145),
2275 3853 2643 3921 Sonnenburg
2681 3851 2987 3920 (Deutsche

262 3939 773 4012 Literaturzeitung
814 3944 969 4010 1901,
1006 3962 1061 4012 p.
1090 3945 1272 4012 2132),
1312 3944 1556 3998 Skutsch
1595 3943 1767 4008 (Berl.
1804 3944 1942 4013 phil.
1974 3941 2372 3997 Wochenschr.
2415 3942 2569 4006 1901,
2607 3959 2661 4009 p.
2691 3941 2795 3995 910
2826 3943 2989 4008 sqq.).

480 4047 503 4083 ²
540 4047 844 4118 Exemplis,
901 4067 1043 4119 quae
1088 4050 1179 4104 hic
1225 4052 1309 4104 vir
1359 4052 1555 4104 doctus
1594 4051 1653 4120 (1.
1690 4052 1727 4104 l.
1766 4069 1819 4119 p.
1849 4052 1976 4118 913)
2027 4049 2171 4102 falso
2209 4052 2531 4102 enumera-ta
2566 4064 2686 4100 esse
2725 4044 2986 4114 ostendit,

261 4138 397 4191 addi
434 4143 621 4206 potest
658 4137 806 4192 Rud.
844 4158 895 4192 v.
923 4140 1029 4195 210
1065 4139 1179 4194 Nec
1216 4140 1326 4194 loci
1352 4159 1539 4208 ynara
1572 4158 1698 4194 sum
1732 4158 1831 4194 nec
1867 4139 1969 4192 diu
2003 4139 2096 4192 hic
2129 4138 2237 4206 sui,
2286 4138 2380 4206 qui
2426 4134 2722 4190 manifesto
2761 4152 2988 4203 corrup-

262 4228 379 4280 tela
416 4228 734 4296 inquinatus
772 4234 882 4297 est;
916 4247 1099 4282 nonne
1138 4229 1409 4282 insulsum
1436 4233 1521 4283 est
1550 4230 1824 4298 virginem
1851 4215 2182 4296 naufragam
2211 4231 2268 4279 et
2295 4224 2464 4279 modo
2493 4225 2552 4278 in
2579 4225 2712 4278 litus
2751 4224 2988 4278 eiectam

264 4316 585 4386 loquentem
624 4315 806 4370 facere
847 4334 903 4370 se
942 4335 1007 4372 eo
1045 4319 1171 4372 loco
1207 4317 1455 4372 nondum
1494 4319 1591 4372 diu
1629 4321 2034 4371 commoratam
2072 4315 2228 4369 esse?

482 4423 505 4458 ³
542 4425 619 4505 Ut
656 4427 773 4478 eius
811 4425 995 4478 verbis
1034 4427 1108 4494 (p.
1139 4423 1269 4492 350)
1304 4431 1456 4478 utar:
1498 4426 1634 4494 „mit
1672 4425 1916 4478 starkem
1954 4423 2236 4475 Einsatz“.

478 4531 502 4566 ⁴
538 4531 611 4585 V.
638 4531 891 4584 tabulam
920 4530 1409 4585 Maurenbrecheri
1448 4533 1505 4584 in
1544 4531 1705 4599 libro,
1744 4547 1908 4599 quem
1946 4529 2230 4596 inscripsit
2257 4526 2498 4596 „Hiatus
2527 4527 2642 4580 und
2671 4525 2987 4580 Verschlei-

264 4619 403 4690 fung
440 4620 517 4673 im
556 4620 709 4673 alten
746 4619 999 4687 Latein“‚
1038 4619 1263 4688 Lipsiae
1306 4621 1459 4686 1899,
1498 4637 1551 4688 p.
1581 4620 1704 4674 238.

481 4727 503 4761 ⁵
538 4725 624 4779 Cf.
662 4727 901 4779 similem
938 4725 1155 4780 hiatum
1193 4726 1399 4780 Pseud.
1423 4727 1495 4780 44
1530 4727 1868 4790 laer-amans,
1907 4722 2170 4778 titubanti
2193 4725 2215 4793 ΙΙ
2241 4722 2448 4790 animo,
2488 4722 2644 4776 corde
2679 4726 2728 4775 et
2755 4725 2982 4790 pectore,

264 4815 359 4868 ubi
398 4814 467 4868 de
504 4815 905 4885 d-paragogico
943 4833 1106 4869 nemo
1146 4816 1378 4886 cogitat.
