3567 5109
1692 277 2134 340 -92-

556 489 872 572 Herenni,
918 489 982 552 si
1019 496 1073 554 te
1109 489 1487 573 dile'yentins
1522 489 1902 570 exercueris,
1948 495 2011 554 et
2039 489 2424 573 pravitatem
2459 493 2522 552 et
2545 486 2924 570 diym‘tatem
2959 489 3022 550 et
3055 482 3296 548 suari·-

557 602 753 662 tatem
804 597 1033 662 habere
1086 597 1165 661 in
1216 597 1497 660 diemedo
1543 595 1811 680 poteris,
1867 601 1946 660 ut
1989 595 2266 660 oratorie
2303 596 2503 680 plane
2553 592 2842 678 loquaris
2881 642 2896 656 .
2941 635 2956 654 .
3001 639 3018 656 .
3061 637 3078 656 .
3131 637 3150 654 .
3205 587 3300 652 Ee

555 704 743 767 nobis
786 724 927 768 non
968 702 1362 786 diffidimus,
1402 708 1743 787 propterea
1791 703 1964 786 quod
2005 708 2067 767 et
2109 701 2525 785 aliquantum
2563 698 3004 784 processimus
3047 702 3118 761 et
3155 695 3297 760 alia

554 815 718 874 sunt
750 810 1036 890 meliora,
1074 830 1237 893 quae
1274 810 1480 873 multo
1518 809 1840 873 intentius
1867 809 2158 893 petimus
2193 809 2270 872 in
2307 807 2444 872 rita
2483 859 2496 871 .
2545 858 2558 872 .
2621 806 2706 869 In
2742 805 2847 869 his
2883 803 3072 868 libris
3111 801 3304 865 nihil

546 917 977 1001 praeteritum
1016 922 1110 980 est
1132 915 1494 990 ,rhetoricae
1522 916 2000 1000 praeceptionis
2029 962 2045 978 .
2075 962 2090 978 .
2135 915 2313 998 Eryo
2349 913 2640 998 amplius
2675 913 2752 975 in
2787 915 2924 976 arte
2961 908 3300 974 rhetoric-a

556 1023 729 1087 nihil
769 1020 938 1088 est’?

768 1127 995 1211 Atque
1042 1128 1225 1192 haud
1273 1127 1523 1208 dubito,
1592 1131 1751 1212 quin
1808 1147 2092 1211 aequum
2146 1131 2234 1192 sit
2279 1126 2609 1192 Friderici
2654 1124 2898 1189 Marxii
2943 1121 3298 1198 iudicium,

557 1239 669 1318 qui
714 1238 783 1300 in
830 1233 1317 1319 prolegomenis
1364 1237 1455 1318 (p.
1498 1237 1611 1318 83)
1662 1234 1749 1299 ad
1795 1231 2019 1313 libros,
2088 1254 2254 1318 quos
2300 1253 2500 1318 supra
2544 1230 2979 1308 laudavimus,
3045 1232 3148 1292 sic
3213 1225 3296 1290 de

553 1341 869 1408 librorum
916 1346 1235 1424 scriptore
1282 1340 1563 1406 iudicat:
1623 1341 1877 1419 Quibus
1921 1343 2136 1407 verbis
2179 1363 2316 1406 non
2359 1340 2577 1405 utitur
2613 1340 2829 1404 rhetor
2862 1336 3130 1420 aliquis,
3183 1335 3302 1398 sed

554 1450 631 1530 is,
679 1451 872 1514 euius
916 1470 1285 1515 successum
1317 1449 1625 1533 mayister
1660 1449 1908 1514 scholae
1943 1449 2293 1514 rhetoricae
2331 1449 2515 1512 modo
2555 1447 2874 1526 laudarat,
2921 1442 3042 1527 qui
3065 1442 3298 1506 schola

557 1557 871 1620 rhetor-tea
924 1557 1108 1622 modo
1160 1555 1403 1635 relicta,
1458 1576 1608 1620 cam
1651 1555 2099 1640 philosophiae
2153 1575 2414 1640 operam
2458 1555 2587 1636 dat,
2631 1554 2818 1618 illam
2860 1549 3296 1633 disciplinam

553 1663 784 1727 clidz'cit
824 1668 1221 1728 contemnere
1270 1683 1435 1746 prae
1480 1682 1651 1726 nova
1702 1667 1765 1727 et
1809 1662 2286 1746 praestantiore
2327 1707 2582 1727 .....
2665 1659 2840 1736 Quae
2884 1656 3110 1723 omnia
3150 1677 3292 1740 pa-

548 1769 745 1834 erilia
788 1775 853 1834 et
892 1770 1116 1854 inepta
1161 1791 1293 1834 esse
1339 1790 1525 1834 nemo
1570 1789 1707 1833 non
1751 1769 2124 1834 iudicabit&

769 1874 975 1940 Haud
1021 1874 1215 1939 aliter
1261 1878 1437 1940 enim
1480 1873 1663 1958 loqui
1710 1873 1926 1940 solent
1967 1875 2096 1940 hac
2142 1879 2362 1940 aetate
2417 1872 2894 1950 adulescentes,
2939 1874 3052 1953 qui
3098 1867 3291 1953 apud

554 1980 697 2045 ludi
726 1986 1074 2066 magistros
1094 2003 1175 2046 ne
1200 1979 1519 2047 absolutis
1539 1980 1806 2064 quidem
1835 1981 2068 2047 studiis
2099 1987 2238 2047 arte
2268 1980 2496 2065 aliqua
2523 1980 2784 2066 postica
2811 1975 3288 2060 nonnullisque

556 2088 957 2153 carminibus
1002 2110 1049 2154 a
1092 2091 1424 2171 magistris
1470 2091 1776 2152 instructi
1825 2110 1892 2153 se
1939 2087 2122 2153 brevi
2167 2093 2419 2172 poetas,
2468 2091 2526 2152 si
2572 2108 2706 2153 non
2745 2084 3166 2161 clarissimos,
3215 2089 3290 2147 at

553 2200 775 2260 tamen
822 2195 1002 2260 haud
1048 2195 1455 2279 spernendos
1501 2193 1645 2260 fore
1694 2201 1984 2278 sperant.

770 2300 904 2366 Sed
953 2321 1320 2382 caveamu8‚
1385 2323 1469 2366 ne
1514 2301 1643 2366 hac
1688 2305 1928 2366 incerti
1975 2305 2314 2385 scriptoris
2372 2305 2578 2366 nimia
2623 2299 2864 2366 fiducia
2909 2298 3081 2362 iusto
3127 2295 3286 2380 plus

556 2405 984 2473 offendamur.
1053 2408 1250 2474 Teste
1298 2409 1472 2474 enim
1520 2407 1880 2474 Ciceroue¹¹
1929 2408 2116 2473 multi
2161 2409 2288 2474 hoc
2333 2429 2552 2473 errore
2601 2407 2902 2473 obstricti
2945 2410 3158 2484 erant,
3211 2409 3286 2467 ut

554 2513 872 2598 puerilem
901 2519 969 2580 in
998 2523 1141 2581 arte
1170 2516 1503 2581 rhetorica
1532 2515 2016 2581 institutionem
2046 2513 2347 2584 sufficere
2377 2521 2710 2600 putarent,
2748 2518 2823 2578 ut
2850 2512 2996 2599 quis
3025 2532 3284 2578 summa

554 2621 833 2686 oratoris
879 2621 1079 2688 laude
1126 2621 1407 2688 floreret.
1490 2621 1726 2706 Neque
1777 2621 2173 2703 dubitamus,
2243 2627 2401 2706 quin
2446 2625 2653 2706 ipsius
2703 2620 3062 2700 Ciceronis,
3131 2641 3284 2684 cum

555 2727 945 2794 adulescens
976 2729 1230 2795 duobus
1259 2727 1449 2793 libris
1478 2730 1946 2812 magistrorum
1974 2749 2240 2794 suorum
2269 2730 2636 2794 doctrinam
2663 2731 3040 2812 exponeret,
3079 2747 3284 2810 quam

551 2840 710 2900 tunc
754 2835 991 2901 habuit
1036 2837 1115 2901 de
1164 2841 1305 2901 arte
1351 2835 1708 2914 rhetorica,
1755 2835 1977 2918 opinio
2025 2857 2157 2900 non
2207 2836 2484 2900 multum
2531 2858 2572 2900 a
2609 2837 2936 2901 communi
2975 2831 3094 2898 illa
3133 2853 3283 2898 sen·-

552 2947 765 3008 tentia
810 2943 1231 3008 abhorruerit
1243 2943 1285 3005 ³.
1346 2940 1481 3008 Sed
1526 2943 1769 3008 rectius
1815 2947 1950 3007 iam
1989 2942 2069 3007 de
2117 2946 2493 3026 praeceptis
2539 2941 2671 3007 illis
2717 2940 3034 3006 iudicavit
3081 2947 3280 3023 atque

554 3048 1003 3133 eloquentiam
1039 3051 1259 3114 maius
1285 3049 1775 3134 essequiddam,
1815 3071 2016 3134 quam
2054 3050 2346 3115 hom-ines
2383 3051 2838 3135 opinarentur,
2873 3055 2937 3114 et
2961 3049 3283 3134 pluribus

552 3179 631 3222 ex
688 3157 945 3220 artibus
998 3158 1361 3241 stratiisque
1406 3158 1752 3238 collectum,
1821 3156 2047 3222 docuit
2091 3160 2160 3220 in
2205 3156 2395 3222 libris
2440 3154 2573 3220 illis
2618 3157 2723 3221 De
2775 3163 3054 3234 oratore,
3113 3175 3282 3238 quos

556 3262 643 3326 ad
691 3261 1011 3346 Quintum
1054 3262 1329 3327 fratrem
1376 3267 1573 3326 misit.

769 3365 955 3452 Quae
997 3372 1215 3434 omnia
1255 3375 1611 3451 propterea
1651 3374 2318 3448 commemoravimus,
2358 3377 2432 3435 ut
2459 3369 2649 3434 nobis
2676 3370 2745 3434 in
2775 3369 3064 3434 animum
3091 3389 3281 3434 revo-

556 3495 858 3540 caremus
924 3496 1070 3540 cum
1128 3473 1298 3540 alias
1353 3480 1676 3556 notioneS,
1745 3482 1886 3540 tum
1929 3475 2115 3540 illam
2161 3474 2580 3560 eloquentiae
2629 3499 2776 3542 cum
2821 3480 2966 3561 ipso
3012 3476 3280 3542 homine

556 3603 871 3662 crescere,
938 3580 1140 3647 aliam
1186 3586 1256 3646 in
1303 3605 1530 3666 puero,
1585 3582 1789 3648 aliam
1835 3583 1904 3648 in
1950 3589 2112 3664 viro,
2175 3583 2378 3650 aliam
2425 3589 2494 3648 in
2540 3584 2692 3648 rudi
2737 3584 3025 3661 homine,
3073 3582 3282 3648 aliam

554 3709 697 3754 esse
762 3693 834 3753 in
896 3688 1291 3774 philosopho
1366 3693 1575 3754 omnis
1630 3695 1948 3756 scientiae
2004 3712 2328 3756 summam
2385 3689 2708 3774 amplexo.
2797 3691 2965 3756 Inde
3013 3689 3282 3755 dicendi

556 3797 941 3880 magistrum
988 3796 1075 3861 ad
1120 3817 1471 3880 puerorum
1510 3801 1765 3863 animos
1815 3820 1894 3862 ex
1931 3797 2201 3864 sublimi
2241 3797 2656 3884 eloquentiae
2695 3797 2965 3881 fastigio
3006 3797 3280 3862 descen·

542 3903 710 3997 ‘idere
758 3904 997 3969 debere
1046 3910 1257 3988 patet3
1306 3925 1545 3988 parvos
1591 3909 1765 3970 enim
1815 3927 2020 3988 parva
2070 3907 2322 3972 decent.

770 4151 789 4184 ²
826 4151 1045 4221 Proleg.
1085 4170 1139 4220 p.
1168 4152 1253 4205 90.

766 4257 787 4291 ²
825 4259 906 4312 De
947 4276 1024 4313 or.
1053 4257 1117 4312 ΙΙ
1158 4260 1184 4313 1
1228 4259 1435 4328 Mayna
1480 4260 1634 4314 nobis
1674 4261 1868 4330 pueris
1900 4303 1911 4315 .
1944 4301 1956 4314 .
1988 4301 2000 4314 .
2039 4260 2236 4329 opinio
2281 4259 2393 4327 fuit
2431 4261 2495 4314 L.
2530 4261 2794 4315 Orassum
2831 4277 2939 4314 uon
2970 4261 3102 4330 plu-s
3138 4262 3280 4315 atti-

550 4346 699 4415 yisse
734 4347 1015 4401 doetrinae
1052 4366 1235 4418 quam,
1274 4355 1541 4417 quantum
1580 4350 1777 4418 prima
1821 4349 1927 4404 illa
1967 4349 2184 4419 puerili
2227 4348 2583 4402 institutione
2613 4351 2881 4418 potuisset
2909 4389 2924 4404 .
2954 4389 2966 4402 .
2997 4391 3010 4402 .
3042 4389 3055 4403 .
3093 4355 3280 4404 erant-

552 4451 651 4504 que
690 4436 873 4500 multi,
912 4435 1011 4504 qui
1045 4477 1056 4489 .
1091 4478 1102 4489 .
1136 4477 1148 4490 .
1187 4437 1419 4490 libenter
1454 4437 1521 4491 id
1551 4479 1564 4492 .
1596 4480 1609 4492 .
1641 4481 1652 4491 .
1684 4437 2088 4507 praedicarent,
2125 4443 2188 4492 ut
2221 4481 2230 4490 .
2263 4478 2275 4491 .
2309 4480 2318 4491 .
2351 4438 2549 4492 inanis
2579 4475 2594 4492 .
2626 4477 2638 4491 .
2676 4444 2859 4492 noster
2893 4455 3003 4492 esse
3039 4437 3196 4492 tabor
3231 4444 3280 4492 et

549 4523 783 4576 stedtnm
837 4525 897 4576 in
956 4524 1109 4577 nobis
1164 4527 1482 4580 erudiendis
1522 4513 1708 4596 patris
1754 4527 1957 4594 nostri,
2002 4527 2210 4595 optimi
2258 4545 2323 4579 ac·
2365 4527 2806 4596 ptwlentissimi
2855 4527 2988 4593 viri,
3023 4527 3277 4580 studium

550 4611 846 4665 videretur.

766 4699 787 4733 ³
833 4699 921 4752 Cf.
968 4701 1049 4754 De
1097 4701 1212 4756 inv.
1250 4701 1281 4756 Ι
1326 4705 1375 4770 5,
1424 4703 1519 4756 ubi
1568 4704 1872 4757 artificium
1920 4705 2058 4758 illud
2107 4706 2272 4774 tanti,
2322 4706 2518 4772 quanti
2569 4705 2854 4776 ingenium
2901 4709 2958 4758 et
3003 4707 3280 4760 exercita·

554 4788 785 4854 tionem,
830 4786 972 4841 facit
1018 4793 1187 4858 atque
1236 4791 1392 4858 ade0,
1441 4807 1567 4846 cum
1608 4791 1832 4845 artificii
1875 4793 2183 4846 aridissima
2219 4797 2520 4862 praecepta
2559 4793 2976 4848 accuratissime
3011 4799 3276 4862 exponat,

550 4875 706 4928 nullo
745 4875 871 4931 loco
910 4893 1019 4944 eos,
1058 4879 1153 4947 qui
1192 4878 1360 4933 libros
1399 4897 1521 4932 suos
1559 4881 1769 4949 legant,
1809 4885 1872 4932 ut
1911 4897 1964 4933 se
2004 4881 2060 4934 in
2097 4881 2338 4934 dicendo
2376 4888 2691 4949 exerceant,
2729 4881 3006 4936 hortatur.
