3567 5109
1471 325 1957 387 —117—

347 536 457 618 (ex
501 532 698 598 Ribb.
745 533 1168 617 coniectura),
1227 535 1310 598 52
1360 535 1732 618 arquitenes
1788 535 1935 617 (pro
1984 535 2173 618 -ens).
2264 533 2368 598 De
2413 556 2479 619 y,
2538 534 2715 617 quod
2760 535 2831 599 in
2877 553 3068 600 voca-

345 639 518 706 bulis
547 638 824 705 Graecis
871 638 1020 705 libri
1059 661 1314 723 semper
1351 639 1490 704 fere
1528 639 1857 719 exhibent,
1905 661 2040 706 non
2079 639 2286 705 multa
2323 641 2520 706 verba
2559 639 2869 706 facienda
2898 647 3069 706 sunt.

345 747 577 813 Cicero
623 748 762 830 ipse
809 746 954 834 (Or.
1005 746 1046 834 ξ
1087 749 1243 832 160)
1289 747 1580 811 Ennium
1628 746 1803 812 hanc
1848 747 2138 813 litteram
2185 769 2320 812 non
2367 747 2741 812 adhibuisse
2789 754 2857 812 et
2892 749 3067 812 Bm·-

345 877 500 919 rum
544 875 664 937 pro
712 855 988 940 Pyr-rim,
1035 855 1290 938 Bmeyes
1336 875 1454 936 pro
1502 855 1879 940 Phryyibus
1924 854 2261 937 scripsisse
2310 855 2625 920 declarat.
2672 855 2816 920 Nos
2854 855 3066 920 Pacu-

343 962 518 1025 vium
574 961 984 1044 Acciumque
1052 961 1410 1044 adiungere
1476 981 1667 1044 posse
1733 961 1944 1026 verbis
2010 961 2209 1026 Marii
2265 961 2595 1030 Victorini
2656 960 2810 1027 GL.
2858 961 2961 1030 VI
3027 963 3065 1026 8

345 1067 785 1148 confirmatur,
836 1068 950 1151 qui
995 1074 1217 1133 tamen
1264 1067 1526 1132 Livium
1569 1067 2025 1151 Naeviumque
2073 1091 2117 1153 y
2162 1089 2358 1134 nosse
2405 1067 2579 1134 falso
2620 1068 2876 1133 videtur
2914 1090 3066 1134 con-

341 1175 648 1242 tendisse.
741 1175 950 1240 Haud
1012 1175 1150 1240 leve
1207 1196 1358 1240 vero
1414 1175 1723 1240 mendum
1790 1175 2049 1240 Nonius
2103 1175 2207 1240 vel
2262 1177 2374 1258 qui
2440 1176 2577 1240 eius
2642 1182 2874 1240 auctor
2938 1174 3067 1240 fuit

342 1282 684 1360 commisit,
721 1301 870 1346 cum
906 1281 973 1346 A
997 1285 1122 1346 178
1152 1282 1461 1367 Froeyiae
1499 1283 1774 1365 scripsit.
1820 1280 2031 1366 Quem
2071 1303 2355 1348 errorem
2392 1281 2829 1347 Ribbeckium
2856 1281 3066 1347 Accio

338 1389 465 1472 ipsi
514 1389 938 1454 vindicavisse
987 1389 1180 1472 (NoV.
1229 1410 1383 1453 ann.
1431 1387 1592 1472 phil.
1641 1388 1921 1458 LXXV
1968 1391 2126 1473 317)
2170 1390 2392 1454 miror.
2485 1389 2606 1454 Ait
2652 1391 2827 1454 enim
2874 1387 3067 1454 Accii

339 1496 735 1561 auctoritate
784 1499 858 1561 oe‘
899 1496 1150 1562 Romae
1198 1517 1318 1580 pro
1364 1519 1408 1583 y
1458 1497 1742 1579 positum
1792 1516 1951 1560 esse.
2000 1494 2199 1580 Quod
2245 1497 2500 1561 etiamsi
2546 1502 2798 1562 rectum
2844 1497 2947 1575 sit,
2995 1497 3065 1560 in

339 1625 383 1688 y
427 1602 622 1667 breve
666 1624 802 1668 non
850 1603 1152 1687 quadrat.
1210 1603 1340 1668 Illa
1379 1603 1704 1686 scriptura
1741 1601 2045 1668 videlicet
2091 1603 2187 1667 ita
2230 1609 2393 1668 nata
2440 1609 2559 1682 est,
2606 1609 2701 1683 ut,
2750 1603 3066 1686 quoniam

341 1709 743 1794 dipthongus
789 1712 856 1775 oi
898 1709 1222 1793 paulatim
1266 1730 1383 1792 per
1419 1732 1489 1776 oe
1525 1711 1594 1774 in
1631 1724 1682 1774 u
1727 1715 2075 1775 attenuata
2122 1717 2237 1788 est,
2283 1731 2401 1793 pro
2440 1724 2491 1775 u
2528 1711 2746 1790 etiam,
2796 1711 3063 1794 quando

343 1815 674 1883 Graecum
720 1841 760 1882 v
805 1818 1157 1902 aequabat,
1203 1817 1290 1882 ab
1338 1818 1452 1896 eiS,
1501 1818 1616 1900 9111
1657 1818 1919 1900 antiqui
1958 1818 2277 1882 sermonis
2314 1816 2599 1882 colorem
2626 1817 3063 1897 adamabant,

341 1946 410 1989 oe
465 1925 964 1990 substitueretur
1019 1910 1225 2009 (velut
1275 1926 1526 1992 Moesia
1562 1953 1650 1983 =
1685 1925 1927 2000 Μυσία,
1976 1926 2241 2010 lagoena
2275 1953 2362 1982 =
2398 1927 2718 2008 λάγυνος);
2782 1948 2822 1990 v
2868 1925 3062 1989 breve

337 2032 540 2115 igitur
583 2054 702 2116 per
738 2053 807 2097 oe
843 2032 1070 2116 effingi
1114 2054 1251 2097 non
1295 2034 1514 2116 potuit
1545 2033 1676 2098 nisi
1715 2032 1799 2096 ab
1837 2031 2209 2097 hominibus
2254 2032 2598 2116 imperitis:
2645 2037 2867 2115 poeta,
2914 2051 3063 2096 cum

339 2147 547 2204 metro
596 2139 1068 2204 consulendum
1115 2145 1286 2205 esset
1337 2159 1550 2222 neque
1598 2162 1668 2205 oe
1713 2140 1781 2204 in
1830 2138 2083 2223 syllaba
2138 2138 2319 2204 brevi
2364 2138 2775 2219 toleraretur,
2841 2159 3060 2203 errare

337 2247 446 2310 vix
490 2248 728 2329 potuit.

549 2351 786 2438 Neque
825 2353 1086 2436 longius
1122 2355 1364 2418 morari
1404 2375 1570 2436 opus
1607 2359 1708 2417 est
1741 2353 1812 2418 in
1849 2354 2341 2438 aspiratione
2386 2352 2772 2436 plerumque
2810 2354 3056 2436 posita3

338 2481 536 2542 quam
566 2460 830 2525 demum
865 2460 1064 2544 paulo
1105 2467 1257 2525 ante
1297 2481 1543 2525 annum
1582 2482 1642 2524 a.
1673 2459 1798 2526 Ch.
1827 2481 1892 2524 n.
1924 2460 2350 2525 centesimum
2388 2460 2718 2525 observari
2756 2466 3061 2544 coeptam

335 2587 474 2632 esse
541 2568 1116 2650 grammaticorum
1180 2567 1568 2632 testimoniis
1635 2587 1783 2632 cum
1857 2565 2067 2630 titulis
2141 2567 2653 2648 congruentibus
2728 2567 3057 2632 docemur.

333 2674 616 2738 Perraro
665 2681 885 2739 autem
932 2674 1108 2738 iusta
1153 2673 1370 2739 forma
1417 2679 1632 2739 exstat
1677 2674 1734 2737 P
1763 2676 1885 2738 186
1924 2674 2211 2756 clamide,
2260 2674 2608 2752 braocium,
2656 2673 2723 2738 A
2750 2677 2872 2739 149
2904 2677 3057 2758 pul-

333 2801 542 2859 crum,
578 2779 670 2863 fg.
703 2784 785 2845 14
823 2779 1217 2864 (Baehrens)
1256 2803 1544 2846 maceras
1589 2783 1704 2865 (-·—-·
1733 2781 2182 2864 machaeras)¹.
2242 2779 2397 2844 Huc
2445 2801 2706 2864 quoque
2755 2781 3057 2862 pertinet,

336 2886 513 2968 quod
567 2908 686 2969 pro
741 2889 996 2971 quoius,
1061 2889 1235 2972 quoi,
1293 2887 1440 2953 aliis
1503 2886 1825 2951 eiusmodi
1878 2886 2107 2951 formis
2162 2885 2313 2951 libri
2360 2909 2614 2970 semper
2660 2887 2798 2952 fere
2846 2888 3055 2969 cuius,

323 2995 445 3069 ‚cui
505 2993 840 3076 praebent.
928 2993 1142 3059 Iidem
1190 3016 1291 3079 yn
1336 2993 1404 3059 in
1459 2993 1646 3058 initio
1704 2992 2172 3059 vocabulorum
2218 3000 2479 3058 tantum
2524 2995 2593 3058 in
2630 2993 3056 3058 substantivis

327 3106 571 3184 ynatus
617 3105 684 3164 et
723 3106 928 3185 ynata
971 3101 1399 3180 retinuerunt,
1451 3121 1855 3184 quamquam
1890 3121 2081 3165 usum
2120 3101 2491 3166 Accianum
2528 3100 2726 3166 latius
2762 3100 3053 3183 patuisse

331 3205 570 3272 Festus
616 3229 677 3289 p.
718 3210 844 3274 174
893 3207 1038 3291 (M.,
1078 3230 1137 3290 p.
1180 3210 1305 3274 186
1355 3207 1502 3291 Th.)
1549 3207 1828 3272 indicat:
1876 3210 2175 3272 Nobilem
2220 3209 2486 3293 antiqui
2510 3230 2637 3293 pro
2672 3215 2825 3273 noto
2852 3229 3051 3293 pone-

327 3313 491 3378 ·bant
532 3320 595 3378 et
637 3315 898 3398 quidem
933 3337 1058 3400 per
1101 3337 1134 3380 c
1181 3317 1464 3381 litteram
1511 3314 1708 3399 (cod.:
1751 3336 1877 3400 pro
1924 3337 1958 3379 c
2005 3315 2243 3398 litte-ra)
2282 3321 2361 3379 ut
2396 3363 2411 3379 .
2453 3363 2467 3379 .
2504 3315 2763 3380 Aoeiua

541 3439 1252 3506 Adsimulatt‘onem
1297 3441 1801 3505 consonantium
1838 3445 2115 3525 uterque
2164 3445 2381 3522 poeta,
2429 3446 2746 3522 quantum
2784 3438 2937 3502 exili
2974 3459 3054 3502 ex

331 3544 606 3609 materia
654 3547 959 3629 cognosci
1007 3553 1245 3630 potest,
1293 3548 1540 3626 vitavit,
1586 3545 1765 3612 velut
1809 3548 1907 3612 ad
1950 3547 2074 3610 nisi
2112 3553 2267 3611 ante
2308 3568 2358 3625 c,
2404 3547 2490 3611 in
2535 3567 2874 3632 nunquam
2911 3546 3051 3610 fere

328 3653 619 3734 (praeter
655 3651 860 3717 Ρ2Ο*ι
896 3655 1182 3738 impexa)
1222 3653 1676 3734 adsimulatur,
1727 3661 1949 3719 trans
1997 3653 2261 3737 plenam
2299 3652 2583 3719 formam
2620 3660 2772 3718 ante
2811 3655 2856 3718 d
2891 3673 3051 3735 quo-

328 3779 454 3841 que
503 3757 757 3823 obtinet
803 3756 896 3842 (A
916 3761 1046 3826 366
1097 3763 1406 3844 tran-sdes,
1457 3765 1586 3826 630
1635 3761 2035 3845 transdunt).
2101 3760 2429 3843 Legitima
2474 3759 2689 3826 forma
2725 3781 3053 3845 posquam

326 3863 439 3948 (cf.
495 3863 795 3930 Sommer
849 3866 1006 3931 ibid.
1056 3888 1116 3949 p.
1156 3869 1314 3952 322)
1372 3866 1570 3932 semel
1627 3874 1885 3932 servata
1933 3875 2033 3932 est
2078 3866 2173 3952 (A
2196 3869 2370 3952 118).
2461 3867 2559 3932 At
2604 3889 2883 3952 quo-sum
2929 3887 3048 3950 pro

325 3992 660 4055 quorsum,
727 3972 796 4037 id
844 3972 1023 4058 quod
1069 3971 1370 4038 Ribbeck
1413 3973 1623 4039 Accio
1673 3995 1753 4038 ex
1799 3975 2178 4039 coniectura
2243 3973 2475 4038 tribuit
2521 3973 2614 4058 (A
2660 3995 2758 4056 pr.
2802 3977 2915 4055 12;
2981 3974 3049 4038 in

321 4077 511 4143 libris
559 4085 661 4144 est
705 4081 1014 4164 quorum)
1060 4101 1194 4144 non
1241 4080 1721 4146 admittendum
1768 4103 1909 4147 esse
1957 4081 2274 4146 existimo.
2348 4079 2859 4146 concedendum
2906 4080 3047 4163 qui-

324 4183 474 4249 dem
529 4190 630 4250 est
683 4185 751 4249 in
807 4206 1103 4250 sermone
1161 4185 1418 4269 plebeio
1472 4209 1609 4252 -rs-
1662 4189 1730 4252 in
1782 4211 1916 4252 -ss-
1971 4194 2037 4253 et
2084 4194 2234 4270 post
2278 4186 2510 4270 longas
2555 4187 2814 4252 vocales
2859 4187 2929 4252 in
2982 4207 3049 4252 -s

323 4291 524 4372 abire,
591 4292 708 4356 sed
769 4292 1170 4375 tragicorum
1233 4293 1622 4377 fragmentis
1684 4293 1854 4360 tales
1919 4294 2172 4360 formae
2238 4294 2347 4358 vix
2408 4293 2838 4359 inculcandae
2895 4300 3049 4359 sunt

321 4419 536 4483 neque
581 4419 862 4482 usquam
907 4399 1340 4482 reperiuntur,
1381 4399 1464 4465 cf.
1503 4400 1560 4466 P
1584 4404 1730 4482 152,
1772 4403 1903 4467 226
1942 4423 2276 4487 quorsum,
2316 4399 2487 4466 A57
2526 4423 2783 4480 rursus,
2822 4422 2919 4484 pr.
2960 4399 3043 4465 27

319 4507 746 4572 dextrorsum.

535 4613 844 4699 Denique
909 4613 978 4678 in
1032 4616 1374 4700 anaptyoee',
1433 4636 1633 4699 quam
1687 4621 1945 4695 vocant,
2004 4615 2251 4680 Accius
2308 4652 2392 4662 —
2449 4614 2629 4698 apud
2684 4613 3045 4678 Pacuvium

539 4823 558 4858 ¹
595 4825 677 4878 De
715 4824 901 4880 forma
936 4826 1161 4896 lympha
1197 4826 1266 4896 (P
1285 4828 1413 4896 244)
1451 4827 1543 4882 vel
1581 4829 1774 4898 lumpa
1809 4846 1861 4882 v.
1902 4845 2043 4897 quae
2084 4828 2435 4896 exposuimus
2474 4828 2531 4881 in
2568 4845 2622 4898 p.
2654 4827 2773 4883 126.
