3567 5109
1711 245 2193 308 -142-

589 452 797 518 altero
853 452 997 518 loco
1046 453 1266 518 Plaut.
1315 453 1512 519 Most.
1561 456 1687 520 607
1745 455 1971 520 Nescit
2010 457 2365 541 quicquam
2417 458 2557 521 misi
2596 457 2839 540 faenus
2881 457 3283 541 fabular-ter
3336 453 3351 534 1

603 561 813 626 Umse
857 563 1304 643 cognoscitur;
1368 561 1594 645 itaque
1651 581 1800 626 cum
1848 561 2305 628 Studemundo
2362 563 2449 628 ad
2504 563 2843 628 numerale
2888 561 3355 627 referendum

589 673 654 730 et
679 667 1062 731 vertendum
1091 689 1262 732 esse:
1302 669 1398 732 ‘in
1428 669 1640 733 einem
1667 669 1875 752 Zuge,
1907 669 2119 753 einzig
2145 670 2284 735 und
2312 670 2562 738 allein’.
2610 671 2834 735 Minus
2860 677 3043 735 recte
3076 668 3345 734 Stude-

587 773 832 838 mundo
881 772 1707 858 Schiinwel'th-'Weyman¹
1755 774 2047 840 oblocuti
2094 783 2265 856 sunt,
2322 777 2506 861 quod
2552 799 2593 843 a
2636 777 2839 842 nullis
2884 776 3038 842 aliis
3086 797 3349 841 nume-

586 879 835 945 ralibus
883 880 1208 945 adiectiva
1253 882 1324 946 in
1375 903 1562 946 -osus
1607 882 1905 947 derivata
1950 891 2189 948 essent.
2256 881 2477 967 Quid?
2524 885 2755 950 eadem
2799 884 3343 949 ratiocinatione

587 987 873 1052 confisus
937 1007 1154 1052 nonne
1221 987 1459 1070 aliquis
1513 989 1903 1070 pronuntiet
1954 992 2146 1055 unice
2202 1011 2337 1055 non
2382 989 2468 1056 ab
2526 1011 2657 1056 uno
2706 991 3077 1073 profectum
3126 989 3343 1054 esse?

587 1094 862 1159 Minime
907 1115 1059 1160 vero
1107 1097 1344 1160 mirum
1390 1095 1548 1159 mihi
1587 1095 1845 1160 videtur
1892 1104 2143 1162 ceteros
2187 1119 2499 1162 numeros
2532 1097 2780 1163 talibus
2824 1098 3055 1163 formis
3100 1118 3341 1181 egere.

585 1202 764 1266 Nam
804 1204 1114 1286 quoniam
1161 1202 1384 1268 nullus
1431 1202 1599 1267 alius
1643 1205 1714 1268 in
1761 1226 1883 1268 usu
1930 1205 2266 1270 cotidiano
2306 1207 2576 1270 maioris
2620 1206 2931 1271 momenti
2976 1211 3101 1282 est,
3150 1203 3333 1268 nulli

589 1310 851 1391 saepius
897 1309 1172 1393 insignis
1218 1310 1314 1374 vis
1352 1309 1707 1375 tribuenda
1745 1318 1863 1389 est,
1909 1313 2277 1378 necessario
2314 1311 2568 1377 formae
2616 1313 2941 1396 quaedam
2986 1333 3337 1394 provene-

587 1423 761 1495 runt,
825 1417 896 1480 in
961 1416 1198 1500 quibus
1263 1415 1516 1499 aliquid
1572 1417 1885 1500 ponderis
1938 1419 2172 1498 inerat,
2239 1419 2417 1483 velut
2472 1441 2621 1484 cum
2681 1421 2909 1484 unitas
2974 1423 3111 1484 iam
3182 1439 3333 1482 non

588 1521 890 1587 sufficere
938 1522 1286 1602 videretur,
1331 1522 1590 1606 plenior
1633 1523 1854 1590 forma
1902 1526 2191 1590 unalitas
2226 1524 2418 1604 (OGl.
2458 1525 2529 1590 H
2570 1527 2728 1607 597)
2774 1526 3037 1590 exstitit.

1529 1755 1596 1822 3.
1643 1755 1748 1823 De
1792 1757 2371 1841 pronominibus..

800 1914 1096 1981 Primum
1134 1917 1342 1981 oritur
1380 1919 1697 2000 quaestiO,
1733 1917 2203 1982 admiserintne
2232 1915 2559 1982 Pacuvius
2590 1922 2656 1981 et
2681 1914 2929 1980 Accius
2956 1913 3325 1978 Plautinos

587 2043 722 2088 acc.
769 2029 836 2088 et
881 2022 1010 2088 abl.
1057 2025 1220 2107 med,
1269 2026 1370 2090 ted
1413 2046 1500 2089 an
1546 2025 1647 2104 iis,
1691 2031 1765 2088 ut
1812 2023 2121 2090 Terentio
2172 2021 2650 2107 (Engelbrecht
2684 2022 2724 2088 1.
2761 2021 2802 2088 1.
2840 2042 2902 2104 p.
2944 2023 3073 2103 75),
3122 2019 3325 2084 abiu·

589 2127 856 2196 dicandi
903 2130 1050 2197 sint.
1097 2129 1398 2196 Ribbeck
1454 2151 1566 2196 eos
1615 2129 2011 2214 aliquotiens
2068 2133 2258 2196 metri
2302 2131 2696 2196 necessitate
2744 2135 3011 2194 coactus
3054 2129 3323 2211 posuit:

801 2270 859 2335 P
883 2274 1008 2337 150
1059 2273 1172 2338 Set
1213 2275 1360 2338 med
1399 2275 1680 2338 ineertat
1719 2274 1915 2338 dictio
1929 2299 1952 2338 .·
2000 2295 2201 2358 quare
2246 2273 2515 2357 expedi!

801 2378 858 2443 P
879 2381 1008 2444 248
1055 2380 1316 2444 Pariter
1363 2387 1419 2444 te
1465 2403 1596 2444 esse
1641 2403 1791 2463 crya
1834 2381 1958 2444 illu
1966 2403 2030 2443 m
2080 2381 2273 2461 rideO,
2320 2385 2401 2444 ut
2440 2380 2635 2443 illum
2682 2379 2785 2443 ted
2826 2397 2977 2460 crya
3020 2376 3172 2457 seio,

801 2485 859 2550 P
881 2487 1009 2550 395
1067 2487 1242 2564 Quid
1282 2488 1430 2550 med
1470 2488 1696 2551 obtutu
1747 2493 1961 2568 terres,
2010 2488 2249 2551 mulces
2297 2487 2643 2550 laudibus?

800 2592 866 2657 A
889 2595 972 2656 53
1025 2593 1188 2658 Tum
1243 2615 1330 2658 au
1338 2599 1464 2658 tem
1507 2594 1855 2676 Aqqzzstlms
1906 2594 1970 2657 .ςί
2024 2595 2166 2656 med
2208 2595 2421 2658 eodem·
2479 2593 2631 2657 lecto
2676 2591 3041 2657 comitasset
3074 2591 3315 2674 patri!

803 2699 868 2764 A
891 2700 1020 2764 372
1064 2752 1076 2764 .
1124 2752 1136 2767 .
1185 2753 1198 2765 .
1247 2701 1434 2764 modo
1483 2706 1614 2764 tute
1657 2700 1797 2784 ‘ipse
1844 2701 1945 2764 ted
1986 2700 2258 2784 offirma
2302 2705 2363 2762 et
2404 2719 2727 2782 compara,

589 2841 707 2907 sed
763 2863 866 2907 res
923 2840 1231 2906 vacillare
1287 2842 1566 2921 videtur,
1625 2843 1780 2926 quia
1837 2841 1986 2906 libri
2042 2841 2143 2906 his
2198 2841 2360 2906 locis
2414 2861 2565 2905 raro
2621 2860 2945 2905 consensu
2990 2860 3093 2903 me
3140 2844 3204 2902 et
3252 2845 3313 2902 te

585 2949 850 3015 habent.
944 2949 1178 3033 Neque
1232 2955 1454 3014 tamen
1513 2970 1676 3032 opus
1733 2969 1877 3014 esse
1932 2949 2219 3013 arbitror
2282 2947 2413 3012 alia
2473 2945 2766 3011 remedia
2825 2945 2958 3011 illis
3014 2945 3311 3009 versibus

588 3057 1106 3139 circumspicere.
1153 3055 1330 3122 Nam
1377 3055 1532 3120 licet
1576 3057 1759 3139 parvi
1808 3055 2191 3140 pendamus,
2240 3056 2296 3120 si
2354 3059 2500 3139 quis
2548 3060 3003 3137 argumentum
3050 3051 3307 3135 profert

587 3161 710 3227 hos
774 3169 1005 3246 poetas
1057 3165 1127 3227 in
1184 3184 1480 3228 sermone
1529 3163 1738 3246 magis
1786 3184 1826 3228 a
1870 3160 2111 3227 Plauto
2168 3167 2343 3226 stare
2392 3181 2591 3245 quam
2636 3183 2677 3225 a
2725 3159 3057 3238 Terenti0‚
3124 3165 3299 3224 certo

586 3271 832 3334 indicio
881 3269 1254 3335 declaratur
1299 3270 1656 3335 Pacuvium
1692 3271 1764 3334 in
1800 3268 2295 3352 pronominibus
2333 3267 2567 3334 saltem
2602 3267 2709 3332 hic
2744 3266 2901 3346 illic,
2948 3265 3065 3330 ubi
3098 3272 3301 3330 metro

591 3376 1108 3456 desiderabatur,
1159 3376 1325 3441 illud
1373 3379 1448 3442 -ά
1487 3377 1852 3442 retinuisse.
1934 3376 2061 3441 Est
2104 3377 2277 3440 enim
2332 3397 2386 3441 v.
2436 3377 2565 3440 225
2620 3373 2796 3452 Quid
2840 3374 3143 3438 tandem?
3190 3372 3309 3436 ubi

587 3505 664 3549 ea
709 3487 842 3548 est?
889 3485 1063 3568 q’uod
1104 3487 1456 3569 receptast?
1500 3538 1512 3551 .
1559 3534 1607 3563 .,
1657 3483 1770 3548 ubi
1818 3483 2182 3548 Mercerius
2229 3505 2355 3566 quo
2400 3479 2793 3547 emendavit.
2865 3478 2965 3544 At
3006 3479 3305 3544 Nonium

587 3591 696 3656 hic
744 3592 1098 3675 genuinam
1141 3591 1422 3656 formam
1469 3612 1761 3656 servasse
1811 3592 2133 3670 existimO,
2196 3610 2335 3656 non
2382 3609 2512 3672 quo
2561 3587 2859 3653 consulto
2906 3585 2977 3650 id
3021 3584 3301 3662 fecisset,

587 3701 788 3764 immo
836 3718 989 3764 vero
1025 3699 1248 3763 tritam
1287 3697 1470 3762 illam
1508 3700 2033 3763 coniunctionem
2073 3718 2214 3762 esse
2252 3703 2451 3762 ratus,
2498 3694 2656 3760 Pari
2682 3693 2879 3759 modo
2907 3693 3083 3777 quod
3104 3691 3301 3756 Most.

589 3807 720 3872 334
749 3815 1010 3871 'manus
1065 3806 1490 3871 correctrices
1546 3804 1857 3889 effugisse
1904 3803 2202 3870 Ritschl²
2257 3802 2739 3868 animadvertit.
2830 3799 3088 3884 Quibus
3140 3794 3299 3862 locis

590 3913 1087 3978 commendatur
1132 3911 1404 3994 Bergkii
1451 3916 1798 3991 sententia,
1850 3913 1963 3995 qui
2011 3909 2206 3992 (Phil.
2244 3907 2425 3976 XIV
2474 3910 2629 3990 185)
2676 3907 2947 3988 exponit
2990 3908 3062 3969 in
3098 3911 3299 3969 struc-

586 4025 753 4086 turis
798 4021 970 4104 quod
1011 4021 1091 4102 si,
1155 4021 1328 4104 quod
1368 4020 1523 4100 nisi,
1589 4021 1762 4104 quod
1808 4020 2087 4100 utinam,
2134 4019 2308 4102 quod
2350 4017 2509 4100 quia
2554 4013 2721 4079 illud
2766 4015 2939 4098 quod
2980 4032 3116 4076 non
3158 4031 3297 4076 esse

587 4129 1029 4194 accusativum
1067 4126 1424 4206 relationiS,
1473 4147 1602 4208 quo
1642 4125 1986 4191 enuntiata
2015 4123 2423 4208 copulentur,
2468 4121 2585 4187 sed
2611 4124 2897 4204 priscum
2926 4118 3297 4196 ablativum,

589 4239 704 4320 qui
747 4236 816 4299 in
863 4236 1150 4317 patrium
1195 4255 1558 4298 sermonem
1607 4233 1957 4298 vertendus
2006 4233 2092 4297 sit
2134 4231 2413 4309 ‘darum,
2464 4229 2805 4308 demnach,
2854 4228 3077 4291 somit’
3124 4246 3295 4290 eum-

592 4363 716 4427 que
763 4351 1094 4407 servatum
1141 4362 1302 4419 esse,
1349 4344 1506 4423 quia
1551 4344 1682 4404 iam
1730 4361 1863 4404 non
1909 4337 2421 4421 intellegeretur.

801 4450 906 4515 De
963 4448 1236 4531 reliquis
1293 4447 1791 4530 pronominibus
1846 4453 1921 4511 ut
1974 4445 2331 4524 videamuS,
2398 4443 2684 4510 Pacuvio
2740 4462 2889 4505 cum
2941 4439 3181 4506 Plauto
3228 4445 3297 4502 et

807 4662 826 4697 ²
861 4662 1053 4715 ‘At-ch.
1091 4659 1129 4712 f.
1169 4661 1266 4714 lat.
1306 4659 1460 4712 Lex-²
1501 4658 1555 4712 V
1592 4659 1714 4713 202.

807 4749 830 4783 ²
865 4749 1044 4802 ‘Neue
1083 4747 1455 4815 plautinische
1492 4745 1773 4800 Exkurse’
1810 4763 1865 4813 p.
1905 4745 1989 4799 57.
