3567 5109
1435 373 1910 437 -113—

529 568 858 646 Sequitur
905 573 1129 646 caput,
1177 566 1364 646 quod
1411 566 1727 628 Isidorus
1775 566 2091 627 ultimum
2140 571 2209 626 et
2241 565 2651 626 elocutionis
2700 572 2767 626 et
2812 565 3025 626 totius

323 673 420 760 de·
450 671 795 735 rhetorica
827 670 1320 750 disputationis
1340 675 1603 750 posuit:
1642 670 1728 732 de
1753 671 2001 749 figuris
2020 670 2396 732 verborum
2420 673 2489 731 et
2508 672 3025 734 sententiarum.

541 776 806 853 Omnia,
853 794 1029 856 quae
1092 778 1202 838 hic
1268 779 1526 856 scripta
1591 777 1939 855 leguntur,
1984 774 2241 837 veteris
2290 779 2357 836 et
2402 774 2622 836 bonae
2671 773 3026 836 doctrinae

325 883 524 963 plena
572 887 752 945 sunt.
808 881 982 944 Nam
1029 885 1257 944 omnia
1304 881 1468 958 fere,
1534 887 2023 961 praeterquam
2072 879 2261 959 quod
2305 878 2634 940 nonnulla
2680 884 2843 940 sunt
2890 883 3028 940 tur-

325 988 484 1049 bata
529 991 599 1049 et
644 986 1093 1066 neglegenter
1142 989 1506 1067 exscripta,
1554 987 1833 1064 egregia
1880 990 2069 1060 sunt;
2121 987 2415 1047 maxime
2450 989 2675 1046 autem
2722 985 3027 1046 auctoris

323 1093 578 1154 veteris
625 1091 922 1172 speciem
970 1109 1137 1172 prae
1183 1109 1258 1153 se
1303 1090 1539 1153 ferunt
1585 1090 1918 1171 exempla,
1966 1107 2140 1168 quae
2186 1107 2272 1152 ex
2304 1083 2631 1168 Scipionis
2664 1083 3025 1172 (Africani)

328 1203 394 1259 et
468 1215 553 1259 ex
622 1191 906 1256 Gracchi
975 1196 1413 1258 orationibus
1475 1198 1685 1275 petita
1746 1199 1922 1257 sunt.
1990 1193 2311 1256 Profecto
2378 1194 2725 1255 inferioris
2790 1195 3027 1255 aetatis

329 1305 747 1382 scriptorum
819 1301 1093 1363 libellos
1159 1301 1244 1363 de
1325 1300 1573 1380 figuris
1642 1303 2075 1379 conscriptos
2140 1301 2504 1379 episcopus
2598 1297 3027 1377 Hispalensis

327 1427 464 1470 non
497 1409 790 1482 novisse,
821 1406 943 1468 sed
977 1422 1454 1485 quaecumque
1487 1405 1691 1468 habet
1724 1423 1809 1468 ex
1850 1405 2201 1467 veteribus
2248 1403 2707 1483 scriptoribus
2752 1402 3027 1466 videtur

328 1511 798 1591 exscripsisse.

541 1616 889 1680 Isidorum
922 1615 1320 1688 Quintiliani
1351 1615 1812 1678 Institutionis
1844 1598 2203 1678 Oratoriae
2250 1614 2429 1676 libro
2463 1629 2648 1675 nono
2680 1615 2749 1674 in
2784 1611 3029 1691 figuris

329 1721 803 1785 describendis
835 1739 1038 1783 usum
1066 1739 1216 1783 esse
1248 1725 1513 1783 constat
1545 1738 1841 1799 eumque
1874 1722 2137 1799 aliquas
2171 1718 2432 1798 figuras
2466 1736 2551 1780 ex
2585 1719 2715 1780 hoc
2748 1722 3028 1778 auctore

329 1827 415 1889 ad
488 1825 779 1889 verbum
856 1826 1000 1888 fere
1077 1829 1452 1904 sumpsisse
1529 1826 1912 1888 luculenter
1987 1829 2271 1905 apparet
2308 1835 2429 1884 'ex
2496 1825 3025 1901 comparatione,

329 1949 498 2010 quae
545 1933 876 2010 sequitur.

775 2105 1172 2164 Quintilianus.
2244 2103 2520 2154 Isidorus.

467 2211 546 2260 IX
583 2211 632 2273 3,
687 2211 754 2260 35
783 2223 894 2272 sq.:
948 2209 1046 2259 Est
1082 2214 1132 2258 et
1181 2208 1314 2258 iliud
1364 2207 1629 2272 repetendi

325 2311 504 2360 qenes,
567 2295 702 2358 quod
754 2295 908 2345 simul
950 2297 1226 2360 proposita
1271 2298 1426 2346 iterat
1463 2303 1510 2345 et
1545 2295 1624 2346 di·

329 2381 481 2432 vidit:
534 2379 753 2444 ‘Iphitus
809 2389 856 2432 et
913 2382 1093 2439 Pelias
1143 2399 1350 2448 mecum,
1421 2399 1628 2445 quorum

1871 2221 1925 2270 p.
1964 2209 2083 2271 518,
2120 2223 2176 2258 n.
2221 2209 2279 2260 ⁷:
2334 2205 2696 2270 Epanodos‚
2733 2221 2887 2268 (ptam
2932 2219 3031 2254 rc-

1728 2295 2119 2356 9ressioneni
2144 2295 2351 2344 nostri
2374 2299 2623 2343 vocant:
2642 2291 3031 2354 ‘Principum

1732 2380 2022 2442 diynitas
2083 2387 2223 2432 erat
2272 2395 2483 2443 paene
2532 2396 2676 2445 par,
2734 2395 2852 2428 non
2903 2393 3031 2441 par

331 2468 534 2532 Iphitus
561 2507 572 2519 .
601 2508 614 2522 .
646 2509 658 2520 .
688 2469 721 2518 Β
767 2467 1138 2528 Ἐπάνοὸος
1189 2470 1376 2519 dicitur
1417 2469 1626 2537 Graece,
1719 2467 2020 2529 fortasse
2058 2483 2276 2528 eorum,
2314 2468 2419 2530 qui
2454 2465 2904 2530 sequebantur-².

329 2556 535 2606 nostri
577 2559 1042 2620 regressionem
1076 2564 1312 2609 vocant.
1342 2559 1448 2608 Nec
1469 2559 1624 2609 solum

329 2643 384 2691 in
419 2642 591 2694 eodem
624 2659 792 2710 sensu,
829 2643 922 2694 sed
944 2647 1100 2695 etiam
1133 2649 1189 2694 in
1223 2645 1426 2697 diverso
1450 2645 1628 2696 eadem

329 2729 485 2778 verba
529 2735 710 2780 contra
761 2737 1051 2781 sunumtur:
1091 2731 1476 2795 ‘Principum
1528 2733 1624 2782 di·

325 2818 547 2880 9nitas
584 2825 726 2868 erat
766 2835 979 2881 paene
1011 2835 1154 2883 par,
1188 2837 1308 2870 non
1343 2837 1468 2883 par
1490 2821 1624 2884 for-

330 2909 504 2954 tasse
548 2919 768 2972 eornm,
805 2908 910 2968 qui
943 2906 1401 2970 sequebantur-².

468 2995 560 3045 65:
601 2993 737 3042 Huic
753 2993 1010 3044 diversam
1028 2995 1198 3044 volunt
1217 3011 1326 3046 csse
1344 2995 1626 3046 distinetio-

331 3093 460 3145 nem,
483 3081 565 3127 cni
582 3077 714 3129 dant
731 3095 910 3131 nomen
935 3078 1501 3147 παραδιαστολήν,
1525 3100 1628 3146 qua

329 3164 518 3215 siniilia
551 3165 1032 3218 discernuntur:
1055 3167 1218 3218 ‘Cum
1239 3175 1295 3217 te
1311 3185 1429 3232 pro
1457 3177 1624 3220 astu·

330 3259 388 3303 to
423 3254 780 3316 sapientem
818 3253 1138 3320 appelles,
1173 3272 1294 3318 pro
1346 3255 1628 3318 confidente

319 3340 576 3406 sortem,
637 3357 756 3410 pro
826 3341 1165 3393 inliBerali
1222 3342 1624 3408 diliyentem'.

337 3426 481 3488 Quod
526 3435 680 3479 totum
704 3429 900 3492 pendet
946 3445 1010 3480 αι
1033 3430 1276 3493 finitione
1310 3429 1521 3494 ideoque
1557 3448 1628 3481 an

321 3515 500 3580 styra-a
534 3517 600 3565 sit
637 3516 822 3568 dubito.

399 3605 488 3653 68:
519 3601 846 3667 Ouiconfinis
867 3602 1628 3670 est‚quaea'tvtoevdu2oect9

331 3685 529 3755 dicim,
566 3689 844 3741 eiusdem
887 3691 1066 3742 verbi
1101 3695 1434 3742 contraria
1470 3695 1625 3756 siqni-

321 3773 516 3836 ficatio.
586 3775 712 3827 Cum
773 3778 1072 3829 Proculeius
1125 3787 1501 3844 quereretur
1553 3781 1628 3830 de

321 3861 727 3932 filio‚quodis
745 3867 1627 3932 mortemsuam‘expeetaret,’

333 3956 379 3999 et
411 3949 500 4000 tlh
547 3951 779 4018 dia-isset,
823 3953 888 4002 ‘se
931 3970 1050 4004 vero
1081 3971 1200 4004 non
1243 3955 1627 4017 expectas-0².-

333 4035 566 4104 ‘Immo’,
601 4040 824 4106 inquit,
861 4039 1000 4105 ‘roqo
1036 4041 1358 4106 expectes’.

1876 3005 1930 3053 p.
2002 2993 2121 3054 518,
2194 3005 2246 3039 n.
2286 2994 2343 3041 9:
2404 2986 2867 3038 Par-adiastole
2939 2991 3029 3046 est,

1731 3078 1960 3140 quotiens
2014 3077 2087 3141 id,
2142 3076 2275 3140 qnod
2327 3075 2557 3140 dicimus,
2610 3073 3030 3136 interpretatione

1731 3166 2179 3215 discernimus:
2211 3161 2375 3212 ‘Cum
2399 3169 2455 3212 te
2483 3179 2602 3225 pro
2626 3167 2837 3211 astuto
2860 3160 3029 3222 sapi-

1733 3260 1932 3304 entem
1969 3249 2289 3316 appellas,
2316 3266 2439 3312 pro
2490 3247 2868 3298 inconsiderato
2892 3247 3028 3310 for·

1732 3349 1864 3406 tem,
1892 3357 2010 3404 pro
2057 3335 2399 3387 inliberali
2433 3335 2838 3398 diliqentem?

1872 3617 1926 3665 p.
1988 3602 2091 3652 518
2120 3615 2221 3664 sq.,
2280 3571 2492 3650 nslo:
2561 3594 3029 3647 Antanaelasis

1733 3697 1825 3756 est,
1906 3706 2037 3754 quae
2111 3687 2326 3738 eodem
2388 3685 2571 3736 verbo
2641 3685 3031 3734 contrarium

1733 3779 1969 3840 exprimit
2003 3792 2223 3827 sensum.
2286 3772 2679 3834 Querebatur
2712 3770 2923 3833 qnidam
2956 3769 3030 3820 de

1720 3865 1895 3932 filio,
1952 3881 2060 3914 cum
2113 3869 2365 3912 mortem
2416 3876 2590 3910 suam
2638 3864 3031 3921 expectaret:

1730 3951 2069 4016 respondente
2105 3950 2250 4002 ‘non
2293 3947 2584 4012 expecto’,
2630 3945 2836 3995 ‘Immo
2864 3945 3030 4008 peto’

1732 4042 1938 4104 inquit
1974 4037 2043 4088 ‘at
2081 4036 2405 4100 expectes’.

532 4215 738 4288 Quod
793 4237 958 4280 vero
994 4220 1080 4281 ad
1127 4221 1394 4296 singula
1441 4223 1696 4294 attinet,
1744 4221 1908 4280 haec
1968 4223 2127 4278 sunt
2187 4214 2495 4277 dicenda.
2574 4212 3031 4283 Quintilianus

333 4322 631 4398 primum
697 4322 940 4386 definit
1003 4328 1530 4402 regressionem,
1599 4323 1847 4386 deinde
1912 4322 2135 4384 adfert
2201 4319 2610 4397 exemplum,
2674 4323 3028 4396 postremo

333 4423 522 4487 addit
554 4427 726 4489 hanc
761 4427 1054 4506 figuram
1088 4446 1127 4490 a
1175 4429 1452 4493 Graecis
1498 4427 1841 4505 ἐπάνοδον,
1888 4445 1925 4490 a
1956 4428 2211 4489 Latinis
2244 4426 2745 4502 regressionem
2779 4423 3029 4482 vocari.

330 4529 643 4593 Isidorus
705 4539 951 4610 autem,
1009 4536 1125 4612 qui
1174 4534 1264 4596 ad
1330 4552 1426 4612 ea,
1474 4551 1646 4613 quae
1715 4531 2145 4607 antecedunt,
2191 4531 2489 4591 animum
2538 4545 2675 4588 non
2725 4523 3031 4598 attendit,

331 4633 452 4696 sed
509 4634 734 4698 solum
792 4639 1249 4700 enuntiatum:
1320 4637 1644 4712 ἐπάνοδος
1697 4633 1943 4697 dicitur
2001 4630 2262 4709 Graece,
2321 4627 2529 4692 nostri
2582 4625 3024 4712 regressionem

329 4745 566 4801 vocant
613 4759 676 4820 q.
729 4758 777 4802 s.
826 4745 1173 4823 spectavit,
1219 4762 1456 4806 errore
1503 4743 1911 4822 exemplum,
1959 4739 2145 4819 quod
2193 4737 2653 4810 Quintilianus
2700 4735 2785 4796 ad
2832 4735 3028 4796 aliam

330 4847 674 4926 quandam
739 4848 1038 4928 figuram
1101 4849 1571 4913 illustrandam
1621 4849 1991 4924 subiungit,
2056 4845 2139 4908 ad
2188 4845 2361 4908 hanc
2408 4843 2753 4923 pertinere
2802 4841 3028 4900 existi-

459 4957 814 5000 mnmtsuom-
837 4957 930 5004 wm
971 4959 1176 5006 vindob..
1193 4959 1286 5006 vn.
1309 4962 1342 4998 ι.
2786 4945 2817 4990 ὃ
