3567 5109
1382 304 1951 408 *4165-

359 558 498 604 non
547 541 770 603 solum
821 539 1190 614 rhetorem,
1238 539 1362 602 sed
1409 541 1612 602 etiam
1662 542 2067 603 historicum
2116 547 2185 603 et
2234 540 2405 605 iuris
2452 542 2755 621 peritum
2804 543 3069 624 fuisse¹)

360 649 636 725 scimus,
683 649 754 707 in
805 645 1085 708 schola
1115 645 1402 709 Latina
1453 651 1672 708 artem
1722 644 2137 709 rhetoricam
2187 665 2325 710 non
2360 647 2680 711 docuisse
2726 649 2886 712 inde
2921 668 3075 713 con-

358 751 582 828 clud0,
644 751 835 831 quod
889 752 958 815 L.
1018 749 1308 813 Crassus
1379 752 1528 814 eius
1595 749 1978 828 discipulus
1995 751 2044 828 3)
2092 751 2263 825 1090,
2328 770 2466 830 quo
2530 753 2615 816 de
2678 754 3075 817 rhetoribus

357 856 622 919 Latinis
687 856 1017 936 disputat,
1081 857 1245 918 haec
1301 854 1541 918 affert:
1623 850 2030 940 Qua-mquam
2097 874 2222 916 non
2291 854 2445 918 haec
2490 853 2585 918 ita
2628 863 2837 920 statuo
2884 867 3074 944 atque

357 957 642 1038 decerno,
697 967 768 1020 ut
820 955 1142 1042 desperem
1187 955 1417 1020 Latine
1474 979 1564 1036 ca,
1624 955 1702 1018 de
1761 956 1998 1043 quibua
2044 955 2539 1044 disputavimus,
2587 957 2770 1023 tradi
2812 967 2903 1024 ac'
2930 983 3072 1045 per-

348 1061 565 1149 poliri
572 1086 594 1141 ,·
655 1061 912 1148 patitur
971 1060 1140 1126 euim
1202 1070 1258 1122 et
1322 1058 1542 1144 linqua
1597 1069 1825 1124 nostra
1878 1069 1939 1124 et
1996 1070 2236 1125 natura
2292 1083 2511 1126 rerum
2566 1071 2834 1127 veterem
2892 1063 3071 1128 illam

357 1167 882 1254 eaecellcutemque
927 1165 1344 1250 prudentiam
1394 1163 1792 1230 Graecorum
1824 1165 1913 1228 ad
1956 1175 2237 1230 nostrum
2286 1188 2475 1232 usu-m
2520 1176 2578 1230 et
2606 1190 2841 1231 morem
2871 1178 3074 1232 tram·

345 1275 547 1360 ferri.
594 1271 724 1338 Sed
768 1269 1122 1336 homiuibus
1169 1291 1332 1355 opus
1377 1278 1470 1334 eat
1516 1270 1803 1352 eruditi-3,
1854 1270 1966 1358 qui
2016 1270 2225 1334 adhuc
2289 1271 2359 1336 iu
2421 1272 2533 1334 hoc
2592 1294 2813 1357 ,ρεπεν-9
2878 1275 3085 1336 nostri

361 1377 530 1442 nulli
552 1380 848 1464 fuerunt.
895 1382 1300 1446 Ciceronem
1361 1384 1541 1445 enim
1603 1381 1951 1458 Crassum,
1998 1381 2213 1445 Caelii
2246 1383 2682 1463 discipulum,
2714 1384 2773 1446 si
2807 1383 3077 1446 Caelius

359 1486 600 1550 Latine
665 1487 1037 1565 docuisset,
1102 1490 1197 1548 ita
1266 1486 1608 1550 dicentem
1667 1487 1895 1549 facere
1960 1505 2099 1550 non
2166 1488 2477 1567 potuisse
2540 1495 3078 1552 consentaneum

361 1595 484 1654 est.
533 1591 631 1653 De
665 1591 922 1672 Opillio
957 1609 1177 1670 pauca
1211 1591 1588 1654 memoriae
1637 1591 2011 1654 traduntur
2058 1592 2239 1672 apud
2275 1593 2683 1656 Suetonium
2716 1594 2803 1656 de
2834 1591 3006 1656 rhet.
3040 1601 3074 1654 6

359 1690 666 1758 Aurelius
720 1691 1020 1777 opillius,
1065 1692 1369 1776 Epicurei
1403 1691 1736 1755 cuiusdam
1771 1692 2051 1772 libertus,
2075 1691 2553 1778 philosophiam
2572 1696 2815 1780 primo,
2846 1693 3078 1758 deinde

361 1797 756 1878 rhetor-icam,
789 1799 1124 1860 ‘novissime
1151 1798 1640 1883 qrammaticam
1670 1796 1900 1862 docuit.
1950 1797 2241 1860 Dimissa
2273 1809 2488 1861 autem
2518 1797 2733 1863 schola
2765 1798 3075 1863 Rutilium

359 1900 608 1988 Rufum
651 1902 1026 1965 damnatum
1070 1903 1138 1964 iu
1169 1901 1392 1964 Asiam
1440 1909 1698 1965 secutus
1729 1899 1963 1964 ibidem
1994 1900 2305 1986 Zmyvmae
2335 1902 2527 1966 simul
2553 1906 2879 1968 consenuit
2909 1926 3075 1966 com-

361 2007 696 2094 posuitque
741 2007 965 2071 variae
1030 2004 1409 2069 eruditionis
1465 2005 1711 2093 aliquot
1756 2003 2101 2073 volumina.
2168 2007 2387 2070 Huius
2431 2030 2765 2093 cognomen
2816 2008 2887 2072 iu
2944 2008 3078 2092 ple·

364 2109 576 2198 viaque
623 2109 944 2175 iudicibus
975 2161 1026 2176 ..
1067 2132 1186 2194 per
1231 2131 1424 2174 uuam
1475 2109 1592 2192 (L)
1640 2109 1919 2174 litteram
1962 2111 2271 2194 scriptum
2315 2112 2775 2178 animadverto.
2848 2113 3079 2176 Verum

361 2214 498 2298 ipse
542 2214 613 2276 id
631 2238 756 2300 pev-
785 2214 951 2280 eluas
997 2216 1189 2300 affert
1233 2217 1303 2278 iu
1344 2213 1776 2298 parastickide
1830 2213 2045 2292 libelli,
2095 2217 2213 2302 qui
2254 2215 2629 2281 inscribitur
2676 2217 2911 2282 Pinum.
2944 2221 3077 2284 Sed

363 2321 692 2401 Opillium
707 2322 758 2399 3)
785 2322 1125 2386 Graecum
1145 2323 1430 2386 natione
1450 2322 1665 2385 fuisse
1688 2321 1799 2384 vel
1822 2322 1983 2385 inde
2006 2325 2156 2384 veri
2188 2323 2410 2385 simile
2434 2330 2555 2398 est,
2577 2325 2767 2403 quod
2788 2324 3079 2390 libertus

366 2427 613 2508 doctus
646 2426 795 2493 fuit.
828 2426 1048 2498 Quem
1083 2446 1222 2490 non
1245 2427 1472 2490 solum
1493 2427 1752 2504 Latine,
1784 2428 1907 2490 sed
1929 2431 2133 2490 etiam
2156 2427 2417 2491 Graece
2438 2429 2804 2509 scripsisse
2836 2431 3078 2492 titulus

364 2526 545 2606 libri,
594 2532 712 2611 qui
758 2530 1168 2594 inscribitur
1197 2530 1405 2607 πίναξ,
1439 2531 1777 2607 ostendit;
1830 2549 1990 2594 nam
2031 2533 2147 2609 eis,
2196 2549 2373 2611 quae
2421 2534 2603 2612 apud
2636 2532 2931 2596 Gellium
2976 2535 3080 2598 III

367 2643 424 2711 3,
479 2641 506 2693 1
559 2636 904 2713 leguntur,
949 2638 1130 2698 hunc
1177 2635 1432 2699 librum
1475 2641 1701 2698 totum
1740 2637 1981 2698 Latine
2028 2638 2499 2716 conscriptum
2546 2655 2697 2699 esse
2746 2657 2885 2700 non
2932 2640 3077 2702 effi·

365 2740 564 2803 citur.
613 2739 842 2811 Quare
888 2739 1220 2819 Opillium
1253 2746 1522 2803 tantum
1571 2740 1815 2803 Latine
1864 2741 2183 2806 docuisse
2229 2759 2358 2821 pro
2406 2747 2601 2804 certo
2650 2761 2789 2804 non
2836 2744 3080 2807 habeo,

365 2845 603 2907 Restat
635 2844 1018 2925 disputatio
1052 2844 1137 2906 de
1169 2843 1405 2906 libello
1453 2845 1538 2906 M.
1575 2845 1875 2907 Antonii.
1925 2845 2142 2917 Quem
2178 2851 2411 2907 utrum
2446 2847 2684 2908 Latine
2732 2851 3077 2928 conscrip-

366 2950 537 3012 serit
583 2968 667 3012 an
717 2949 990 3024 Graece,
1023 2949 1107 3011 ad
1140 2950 1316 3012 hanc
1348 2951 1827 3028 quaestionem
1876 2968 2016 3011 non
2061 2952 2376 3029 pertinet.
2446 2951 2615 3012 Nam
2665 2957 3079 3030 scrutamur,

366 3073 530 3117 num
566 3054 724 3134 quis
760 3061 918 3118 ante
951 3053 1257 3116 Plotium
1283 3053 1480 3116 illum
1505 3055 1768 3117 Romae
1801 3053 2127 3116 habuerit
2160 3053 2551 3132 scholam⁴),
2584 3058 2653 3118 in
2689 3075 2825 3136 qua
2860 3063 3079 3119 artem

367 3159 782 3222 rhetoricam
805 3159 1044 3222 Latine
1064 3161 1424 3239 professus
1459 3161 1564 3221 sit.
1588 3159 1762 3221 Ante
1798 3159 1883 3222 M.
1905 3161 2279 3223 Antonium
2314 3159 2452 3221 iam
2476 3158 2815 3223 Catonem
2839 3161 3079 3224 Latine

369 3265 454 3326 de
501 3271 648 3328 arte
677 3263 1028 3333 rhetorica
1078 3263 1442 3342 scripsisse
1475 3261 2004 3339 Quintilianusf‘)
2053 3269 2295 3326 auctor
2342 3271 2460 3326 est.
2496 3264 2723 3336 Quare
2766 3266 3079 3330 homines

369 3389 782 3452 quamquam
827 3369 1100 3432 scholas
1142 3388 1280 3433 non
1325 3369 1732 3446 habuerant,
1767 3369 1853 3431 de
1903 3373 2055 3432 arte
2084 3368 2437 3432 rhetorica
2468 3368 2694 3432 libros
2728 3371 3078 3450 conscrip-

366 3475 558 3554 sisse,
605 3493 886 3538 necesse
935 3481 1040 3538 est
1086 3475 1507 3540 concedatur
1567 3480 1775 3554 atque
1817 3473 1997 3536 inter
2044 3477 2191 3536 eius
2238 3474 2515 3553 generis
2572 3474 2952 3553 scriptores
3000 3476 3079 3536 M.

369 3578 710 3645 Antonius
758 3581 1226 3644 numerandus
1282 3586 1384 3642 est
1429 3579 1669 3659 Itaque
1725 3581 1806 3642 M.
1858 3578 2026 3642 Cato
2092 3585 2160 3644 ct
2205 3579 2287 3642 M.
2337 3579 2695 3654 Antonine,
2760 3587 3077 3642 oratores

367 3685 752 3762 clarissimi,
846 3703 1142 3765 quorum
1232 3687 1543 3766 exemplo
1622 3684 2099 3748 adulescentes
2178 3682 2627 3760 docebantur,
2722 3702 2819 3761 ea,
2906 3702 3079 3762 quae

367 3810 498 3853 usu
578 3791 764 3854 docti
851 3791 935 3852 de
1018 3790 1387 3871 disciplina
1449 3789 1801 3851 rhetorica
1886 3789 2309 3870 cogitabant,
2392 3787 2643 3851 litteris
2720 3787 3077 3850 dederunt.

581 3986 619 4045 ¹)
656 3985 836 4033 Marx,
874 3985 909 4035 l.
950 3983 985 4032 l.
1025 3997 1062 4045 p
1101 3984 1200 4032 136
1237 3995 1358 4043 sqq.
1399 3985 1452 4030 et
1489 3979 1720 4030 Schanz.
1761 3981 1797 4030 1.
1836 3981 1872 4028 l.
1912 3978 1964 4028 1²
1998 3995 2052 4042 p.
2094 3981 2196 4031 132
2233 3991 2354 4042 sqq.

579 4075 620 4132 2)
660 4072 770 4123 Cic.
811 4073 970 4123 Brut.
1013 4073 1129 4122 102.

576 4162 618 4222 ⁸)
655 4161 819 4212 Cont.
859 4157 1336 4221 Pauly-Wissowa
1374 4157 1432 4206 R.
1474 4158 1536 4206 E.
1575 4170 1628 4218 p.
1667 4157 1819 4206 2514.

578 4249 620 4309 ⁴)
659 4249 840 4310 Atque
877 4246 1028 4309 quod
1056 4245 1307 4296 Marxius
1343 4258 1396 4308 p.
1440 4247 1540 4294 140
1577 4243 1742 4304 (coni.
1783 4243 1896 4294 Cic.
1926 4243 2079 4293 Brut.
2119 4244 2221 4292 207
2257 4242 2336 4289 hie
2374 4241 2504 4290 enim
2542 4241 2745 4301 ⁴'aripti-«e
2784 4241 2930 4288 etiam
2969 4242 3080 4302 ipse

365 4333 596 4399 incessui,
645 4351 752 4384 cum
804 4350 962 4384 essem
1009 4333 1151 4396 apud
1185 4331 1388 4382 Aelium
1425 4329 1728 4379 adultacenae
1787 4344 1991 4392 eumque
2029 4329 2217 4378 aridii-e
2246 4327 2569 4390 pemudioac
2606 4329 2849 4387 solerem)
2922 4328 3076 4378 Cice·

365 4439 564 4475 renem
603 4424 752 4486 apud
793 4423 1012 4473 Aelium
1069 4421 1338 4471 Stilonem
1393 4419 1595 4469 studiis
1633 4418 1935 4468 rhetoricis
1989 4429 2217 4479 operam
2258 4416 2478 4465 dedisse
2511 4415 2767 4464 similiter
2806 4419 2975 4476 atque
3014 4415 3076 4466 O.

363 4512 609 4563 Jahnius
647 4513 706 4560 in
743 4511 992 4561 editione
1027 4507 1187 4558 Bruti
1227 4523 1281 4570 p.
1321 4509 1388 4558 93
1427 4506 1640 4569 scribit,
1679 4504 2011 4566 difficultas,
2061 4516 2211 4566 quae
2248 4504 2391 4552 oriri
2430 4502 2673 4565 videtur,
2719 4515 2783 4551 eo
2821 4501 3079 4566 solvitur,

366 4601 522 4663 quod
578 4600 850 4650 Stilonem
908 4597 1237 4648 Ciceronem
1292 4593 1564 4658 privatim
1623 4592 1879 4642 docuisse
1934 4603 2118 4652 neque
2172 4590 2425 4640 scholam
2462 4589 2753 4651 publicam
2810 4588 3079 4638 habuisse

368 4687 648 4738 affirmari
683 4690 878 4750 potest.

579 4777 618 4838 ³)
655 4777 764 4840 111,
811 4779 857 4826 1.
909 4777 986 4825 19.
1036 4774 1222 4823 Pauca
1269 4771 1512 4836 Catonis,
1559 4782 1702 4831 quae
1749 4771 1859 4818 huc
1900 4771 2202 4831 pertinent,
2238 4766 2557 4834 fragmenta
2596 4763 2829 4812 collecta
2868 4764 3074 4824 reperi-

369 4869 545 4916 untur
581 4865 733 4927 apud
769 4863 1086 4914 Jordanum
1123 4875 1177 4922 p.
1216 4861 1299 4910 80.
