3567 5109
1688 348 2119 413 -84-„

554 538 847 619 vidimus,
871 541 1041 625 fuit,
1082 550 1250 619 erat;
1309 548 1459 605 179:
1505 550 1823 623 poterant,
1853 538 2079 618 decuit,
2112 538 2575 619 adiuvabatuv·;
2626 551 2778 604 180:
2828 540 3069 625 dabat),
3118 563 3259 621 eOS,

551 654 924 726 antequam
970 647 1085 709 ille
1132 647 1605 710 Institutionis
1652 648 2003 710 oratoriae
2048 646 2303 711 librum
2354 648 2797 711 undecimum
2844 651 3259 729 composuit,

554 758 870 815 mortuos
921 771 1072 815 esse
1103 752 1549 816 manifestum
1597 759 1720 817 est.
1767 751 1969 814 Dicta
2020 751 2237 831 igitur
2270 759 2433 814 sunt
2479 751 2696 814 verba
2741 748 2918 813 illius
2960 753 3262 837 temam-is

554 858 639 920 de
687 857 1106 935 hominibuS,
1173 858 1312 937 qui,
1377 876 1533 921 cum
1599 857 1949 920 Iuvenalis
2014 856 2195 919 hanc
2242 865 2558 921 saturam
2608 857 2911 937 scripsit,
2980 860 3063 921 de
3111 859 3257 921 vita

551 962 692 1025 iam·
736 963 1195 1027 decesserant.
1245 994 1272 997 -’
2146 1026 2153 1033 .

555 1128 561 1132 .
757 1068 847 1131 ad
916 1074 1039 1132 sat.
1087 1069 1190 1131 111
1246 1074 1404 1131 251:
1473 1068 1823 1131 Iuvenalis
1890 1071 2019 1130 hoc
2085 1068 2240 1131 loco
2298 1068 2416 1129 Cn.
2480 1068 2765 1130 Domitii
2832 1068 3259 1133 Corbulonis

549 1172 974 1236 mentionem
995 1173 1226 1237 facere
1245 1172 1541 1249 videtur,
1565 1172 1700 1251 qui,
1723 1182 2092 1252 postquam
2115 1172 2542 1251 imperatore
2566 1172 2856 1240 Claudio
2879 1175 2948 1235 in
2972 1174 3255 1237 Germa-

553 1277 668 1339 nia
705 1278 884 1355 (Tac.
927 1276 1103 1341 Ann.
1145 1278 1242 1341 XI
1278 1278 1578 1355 18-20),
1626 1277 2049 1356 imperatore
2096 1277 2369 1339 Nerone
2402 1275 2468 1338 in
2498 1276 2825 1340 Armenia
2856 1278 3256 1356 legionibus

549 1381 856 1460 praefuit
903 1382 1098 1460 (ibid.
1147 1384 1310 1446 XIII
1368 1388 1651 1451 34—41;
1719 1382 1839 1445 XV
1906 1388 2093 1458 3—6,
2175 1388 2405 1458 9—-17,
2492 1384 2794 1460 25—31)‚
2865 1402 2902 1445 a
2981 1385 3257 1448 Nerone

548 1487 818 1550 occisus
869 1493 972 1550 est
1025 1505 1208 1551 anno
1247 1487 1495 1551 LXVII
1533 1506 1596 1567 p.
1647 1487 1803 1551 Chr.
1852 1506 1913 1548 n.
1966 1487 2149 1563 (Tac.
2203 1486 2379 1549 Hist.
2428 1488 2495 1549 ΙΙ
2547 1488 2689 1565 76);
2742 1505 2897 1550 eum
2962 1508 3256 1570 corpore

550 1592 902 1670 ingentem
968 1591 1182 1654 fuisse
1229 1600 1723 1655 commemorat
1783 1592 1937 1653 Tac.
1986 1590 2161 1655 Ann.
2208 1590 2376 1653 XIII
2425 1598 2494 1652 8:
2572 1611 2665 1667 ne,
2697 1589 2755 1652 si
2799 1644 2813 1656 .
2860 1642 2875 1656 .
2922 1640 2938 1655 .
2986 1590 3250 1656 Suriam

553 1693 921 1757 intravisset
963 1692 1248 1769 CorbuZO,
1289 1693 1566 1758 omnium
1612 1716 1730 1757 ora
1762 1696 1831 1757 in
1862 1716 1925 1756 se
1973 1703 2249 1769 verteret,
2302 1716 2620 1777 corpore
2666 1694 2939 1779 inq-cns.

760 1802 850 1864 ad
896 1808 1020 1865 sat.
1068 1802 1159 1865 VI
1208 1806 1324 1865 87:
1375 1802 1572 1866 Paris
1619 1802 2089 1881 pantomimus
2151 1800 2457 1864 florebat
2500 1802 2919 1882 imperatore
2966 1804 3253 1868 Domiti-

551 1922 682 1967 ano
731 1905 1036 1984 (Sueton.
1083 1907 1276 1969 Dom.
1329 1908 1452 1984 10).

755 2010 844 2072 ad
891 2017 1015 2073 sat.
1065 2012 1154 2073 VI
1203 2014 1360 2072 236:
1431 2010 1861 2089 Archigenes
1918 2010 2265 2090 Apameus
2330 2010 2551 2089 Syrus
2619 2011 2879 2074 Romae
2944 2015 3255 2078 medicus

549 2119 700 2176 erat
759 2114 1255 2179 celeberrimus
1303 2116 1726 2195 imperatore
1773 2115 2107 2178 Traiano:
2158 2115 2343 2177 Suid.
2392 2134 2443 2179 s,
2491 2117 2549 2177 h.
2600 2134 2691 2177 va
2746 2118 3100 2201 Ἀρχιγένης
3132 2168 3145 2180 .
3184 2168 3197 2181 .
3238 2168 3251 2181 .

548 2217 654 2281 ἐπὶ
707 2222 1039 2303 Τραϊανοῦ
1085 2220 1426 2303 ἰατρεύσας
1470 2218 1541 2283 ἐν
1589 2222 1813 2305 Ῥώμῃ.

761 2326 848 2387 ad
897 2333 1025 2397 sat,
1077 2327 1167 2389 VI
1213 2330 1371 2388 280:
1421 2325 1891 2398 Quintilianus
1956 2333 2159 2389 natus
2208 2333 2313 2389 est
2378 2331 2563 2390 circa
2615 2345 2874 2391 annum
2922 2328 3165 2393 XXXV
3190 2349 3251 2409 p.

553 2428 714 2492 Chr.
759 2448 854 2505 n.;
908 2430 1204 2493 decessit
1253 2436 1414 2493 ante
1459 2448 1714 2492 annum
1764 2429 1835 2492 C.

757 2535 845 2597 ad
891 2544 1013 2599 sat.
1061 2535 1191 2597 VII
1241 2542 1350 2597 91:
1401 2535 1471 2597 P.
1519 2535 1864 2613 Egnatius
1916 2535 2116 2598 Celer
2165 2554 2346 2597 anno
2378 2536 2591 2599 LXVI
2624 2536 2799 2599 falso
2848 2541 3250 2603 testimonio

554 2640 804 2716 effecit,
834 2647 914 2702 ut
945 2641 1166 2702 Barea
1201 2637 1534 2708 Soranus,
1584 2641 1782 2703 cuius
1814 2641 2150 2719 magister
2196 2647 2265 2703 et
2312 2641 2530 2703 cliens
2578 2650 2647 2702 et
2693 2645 2954 2705 amicus
3002 2644 3251 2722 fuerat,

552 2743 994 2807 damnaretur
1042 2745 1222 2822 (Tac.
1267 2746 1440 2808 Ann.
1485 2744 1640 2807 XVI
1693 2752 1798 2821 32;
1848 2746 1929 2805 cf.
1980 2744 2159 2807 Hist.
2207 2745 2299 2806 IV
2352 2747 2473 2822 10).

763 2849 852 2911 ad
899 2855 1022 2911 sat.
1069 2848 1128 2909 X
1178 2854 1332 2912 221:
1384 2848 1517 2911 Hic
1563 2848 1938 2911 Themison
2000 2849 2184 2911 idem
2233 2867 2381 2911 esse
2424 2850 2719 2917 videtur,
2767 2852 2963 2913 cuius
3010 2853 3253 2917 Celsus

551 2956 623 3016 in
688 2952 910 3026 libris,
978 2970 1155 3031 quos
1223 2953 1306 3015 de
1373 2952 1716 3016 medicina
1783 2953 2219 3032 conscripsit,
2284 2954 2541 3033 septies
2597 2957 3017 3020 mentionem
3062 2957 3251 3025 facit.

552 3060 767 3122 veluti
811 3058 846 3120 Ι
891 3076 1198 3139 prooem.
1245 3077 1308 3138 p.
1357 3062 1418 3135 2,
1463 3078 1525 3120 v.
1575 3066 1652 3119 37
1703 3076 1790 3121 sS.
1842 3059 2005 3137 (D.):
2072 3056 2177 3117 Ea:
2238 3058 2421 3118 cuius
2468 3060 2947 3140 (Asclepiadis)
3012 3082 3253 3123 mieces-

548 3158 791 3223 soribus
844 3160 1176 3223 Themison
1223 3181 1428 3244 nuper
1469 3162 1604 3244 ipse
1649 3182 1887 3243 quoque
1932 3159 2245 3243 quaedam
2291 3162 2361 3222 in
2405 3171 2715 3224 senectute
2760 3160 3032 3243 deflexit.

761 3268 867 3331 Ex
913 3269 1018 3346 iis,
1067 3286 1245 3349 quae
1278 3269 1656 3345 attulimuS,
1689 3268 1907 3331 verba
1951 3265 2126 3329 illius
2164 3267 2459 3350 temporis
2504 3289 2644 3332 non
2676 3272 2847 3333 satis
2881 3272 3254 3350 diligenter

555 3375 738 3438 dicta
785 3392 936 3437 esse
983 3374 1428 3436 manifestum
1462 3380 1596 3451 est3
1648 3376 2103 3453 interpretem
2136 3376 2340 3454 enim,
2388 3376 2450 3437 si
2484 3378 2676 3439 cuius
2710 3376 3009 3439 hominis
3042 3376 3251 3455 primi

553 3480 992 3559 potissimum
1038 3497 1101 3559 p.
1152 3478 1310 3541 Chr.
1362 3499 1425 3541 n.
1465 3482 1720 3543 saeculi
1770 3486 2061 3544 aetatem
2114 3485 2432 3544 accurate
2480 3482 2787 3543 indicare
2830 3499 2970 3543 non
3004 3482 3252 3560 potuit,

552 3601 632 3648 ea
683 3584 1082 3650 adhibuisse
1129 3585 1447 3649 dixerim.
1494 3584 1684 3657 Quae
1731 3604 1889 3648 cum
1934 3587 2031 3649 ita
2079 3588 2237 3659 sint,
2287 3586 2359 3648 in
2424 3587 2531 3646 his
2580 3587 2817 3661 verbis
2880 3581 3061 3646 illius
3106 3593 3247 3645 iem-

543 3687 727 3772 poris
773 3688 858 3751 de
903 3690 976 3753 A.
1024 3689 1352 3752 Cornelio
1401 3689 1605 3753 Celso
1656 3691 1859 3755 dictis
1905 3690 2199 3753 minime
2249 3690 2707 3755 offendemus

761 3794 852 3857 At
898 3794 1250 3875 interpres
1299 3801 1615 3855 oratorem
1676 3797 1981 3876 appellat
2042 3796 2337 3871 Celsum,
2430 3796 2547 3873 qui
2600 3813 2739 3857 non
2790 3794 2923 3857 fuit
2990 3803 3253 3873 orator,

555 3899 679 3963 sed
727 3900 811 3961 de
866 3899 1216 3962 rhetorica
1261 3900 1478 3962 libros
1512 3902 1919 3981 composuit.
1967 3900 2039 3963 Si
2072 3901 2188 3962 ille
2222 3900 2495 3962 Celsum
2529 3901 2883 3962 rhetorem
2919 3908 3257 3977 vocasset,

554 4022 755 4067 nemo
803 4004 1160 4067 dubitaret
1207 4006 1291 4067 de
1337 4006 1411 4068 A.
1459 4004 1780 4068 Cornelio
1832 4006 2051 4068 Celso,
2132 4005 2270 4067 Sed
2318 4022 2557 4067 vocem
2602 4012 2819 4065 orator
2864 4004 3049 4083 apud
3097 4022 3253 4067 eum

553 4108 737 4171 idem
769 4109 914 4170 fere
936 4109 1340 4188 significare
1363 4117 1568 4189 atque
1592 4110 2009 4173 vocabulum
2040 4108 2249 4169 rhetor
2268 4110 2469 4172 facile
2488 4110 2776 4188 colliges
2808 4127 2891 4172 ex
2914 4110 3020 4171 his
3044 4110 3251 4172 locis:

763 4215 848 4276 ad
913 4222 1037 4276 sat.
1071 4242 1076 4245 ·
1105 4214 1196 4276 VI
1260 4219 1384 4275 280
1467 4211 1893 4294 Quintiliane]
1997 4210 2441 4283 Quintilianus
2520 4220 2734 4274 orator
2804 4212 3081 4295 eyn-eslius
3142 4210 3257 4274 illo

552 4324 837 4399 tempore.
884 4314 1053 4400 Eryo
1093 4318 1286 4398 quasi
1313 4315 1400 4379 ad
1427 4318 1637 4402 ipsum
1671 4315 1978 4400 loquitur:
2012 4316 2141 4380 Dic
2174 4326 2385 4379 orator
2418 4315 2681 4380 colorem
2711 4314 2799 4379 ad
2828 4314 3251 4401 defensione-m

551 4418 743 4483 huius
787 4440 1040 4487 causae.
2274 4398 2285 4411 ⁶

764 4528 851 4591 ad
917 4534 1043 4591 sat.
1110 4527 1237 4590 VII
1315 4532 1436 4590 217
1512 4525 1780 4587 rhetoris
1843 4528 2028 4608 aera]
2086 4525 2241 4611 plus
2306 4536 2582 4590 oratores
2661 4524 2989 4609 accipiunt
3064 4546 3252 4609 Quam

547 4631 968 4717 yrammatici.

759 4739 848 4801 ad
894 4744 1022 4801 sat.
1067 4736 1196 4800 VII
1245 4740 1367 4799 203
1421 4736 1742 4818 paenituit
1792 4738 2067 4814 (versus
2116 4739 2226 4801 hic
2294 4744 2432 4801 est:
2476 4736 2796 4820 paenituit
2868 4732 3097 4798 multos
3144 4754 3253 4797 va·-

553 4862 672 4903 nae
715 4838 1069 4923 sterilisque
1115 4838 1502 4920 cathedraess
1555 4848 1849 4903 oratores.
