3567 5109
1557 276 1998 338 -29-

408 488 761 553 Persarum
814 487 1179 553 tractandis
1236 510 1402 566 eum,
1463 488 1577 571 qui
1623 484 2044 552 Alcibiadem
2101 487 2508 570 conscripsit,
2569 508 2704 553 non
2751 508 2892 551 esse
2951 510 3136 553 usum

409 594 567 659 mihi
613 594 953 679 probatur.

624 702 758 766 Sed
804 723 1214 786 quaeramus,
1262 723 1421 765 num
1470 723 1569 781 ea,
1613 722 1781 785 quae
1831 725 1872 766 a
1917 702 2236 784 scriptore
2286 701 2480 765 huius
2527 700 2774 783 dialogi
2822 702 2900 765 de
2951 703 3136 767 insti-

406 809 569 872 tutis
604 809 955 873 Persarum
1002 816 1379 887 narrantur,
1430 830 1577 872 cum
1624 809 1705 873 iis
1754 816 2140 891 congruant,
2193 828 2362 891 quae
2401 808 2789 889 Xenophon
2835 809 2906 873 in
2951 808 3136 874 libris

408 917 542 979 suis
586 917 940 981 memoriae
986 915 1212 981 tradit.
1306 916 1453 981 Iam
1516 915 1850 980 institutio
1916 936 2144 999 regum
2210 915 2408 998 plane
2477 915 2669 979 aliter
2734 915 3130 997 depingitur.

404 1022 789 1105 Xenophon
836 1025 1011 1088 enim
1059 1022 1141 1087 de
1187 1023 1579 1087 educatione
1625 1023 1980 1088 Persarum
2037 1022 2202 1087 haec
2259 1022 2446 1087 dicit:
2512 1022 2864 1089 Persarum
2921 1025 3132 1105 pueri,

404 1130 474 1194 in
512 1131 749 1212 quibus
788 1168 875 1177 ·-—-
910 1152 1119 1214 usque
1157 1130 1243 1195 ad
1282 1130 1451 1193 XII.
1490 1131 1727 1195 aetatis
1768 1130 2056 1197 annum²
2095 1166 2178 1176 ——
2219 1130 2420 1193 etiam
2459 1128 2687 1212 Cyrus,
2731 1131 2844 1213 qui
2879 1151 2998 1195 rex
3033 1138 3136 1195 est

402 1238 681 1316 futuruS,
732 1259 771 1302 a
817 1238 1145 1319 magistris
1192 1237 1558 1301 educantur
1606 1242 1671 1301 et
1718 1236 2167 1318 compluribus
2214 1235 2467 1299 artibus
2512 1236 2967 1304 instituuntur.
3015 1236 3128 1301 Ab

402 1345 639 1407 aetatis
712 1364 890 1408 anno
958 1342 1157 1411 XVI.
1228 1343 1327 1407 vel
1396 1342 1633 1411 XVII.
1699 1344 1770 1407 in
1845 1342 2114 1425 ephebis
2185 1349 2645 1420 numerantur,
2720 1343 2893 1407 inter
2968 1364 3132 1427 quos

404 1450 649 1515 decem.
678 1472 889 1515 annos
945 1471 1083 1515 esse
1142 1450 1405 1529 debent,
1467 1450 1703 1534 quibus
1758 1450 2046 1533 peractis
2101 1450 2173 1513 in
2225 1470 2572 1515 numerum
2625 1450 2913 1513 virorum
2967 1451 3128 1515 reci-

402 1557 701 1640 piuntur3
754 1579 901 1621 cum
947 1557 1098 1640 plus
1146 1558 1631 1641 quinquaginta
1679 1578 1891 1621 annos
1935 1557 2079 1621 nati
2127 1564 2280 1620 sunt
2327 1594 2410 1603 -·
2459 1578 2614 1621 nam
2661 1557 2894 1639 viginti
2940 1557 3128 1639 quin-

404 1686 529 1748 que
577 1664 712 1729 fere
760 1686 973 1729 annos
1020 1665 1141 1728 viri
1188 1674 1535 1729 remanent
1572 1702 1655 1711 ——
1693 1666 1765 1729 in
1813 1664 2178 1729 senioribus
2213 1665 2700 1728 111111101·ε1111;111·.2
2744 1664 2848 1728 De
2891 1664 3128 1747 quibus

400 1772 597 1836 rebus
635 1772 799 1836 nihil
839 1772 1018 1854 apud
1054 1770 1430 1836 Alcibiadis
1468 1773 1857 1854 scriptorem
1903 1771 2274 1851 invenias;3
2318 1770 2433 1834 ubi
2471 1772 2642 1853 regis
2680 1770 2798 1835 filii
2838 1794 2877 1835 a
2916 1772 3130 1853 prima

400 1878 853 1943 adulescentia
890 1879 974 1945 ab
1014 1879 1331 1943 eunuchis
1372 1900 1569 1961 quam
1610 1879 1875 1961 optimis
1914 1878 2240 1961 privatim,
2281 1900 2418 1941 11011
2455 1898 2600 1941 011111
2640 1878 2874 1941 ceteris
2905 1878 3125 1943 Persis

401 1986 786 2063 educantur,
836 2008 876 2049 a
921 1987 1200 2067 septimo
1248 2006 1457 2067 usque
1504 1985 1593 2049 ad
1638 1992 1944 2067 quartum
1994 1984 2318 2049 decimum
2365 1984 2600 2049 aetatis
2649 2006 2895 2048 annum
2944 1986 3122 2067 equi-

397 2092 605 2157 tando
654 2100 721 2155 et
765 2093 1070 2156 venando
1118 2092 1573 2156 instituuntur.
1666 2092 1779 2156 Ab
1832 2092 1956 2155 hoc
2002 2112 2177 2155 anno
2227 2112 2266 2155 a
2314 2090 2739 2173 paedagogis,
2801 2092 2914 2174 qui
2959 2093 3122 2175 regii

400 2199 729 2278 dicuntur,
788 2186 1105 2282 quattuor*
1154 2198 1287 2263 illis
1334 2198 1717 2277 PlatoniciS‚
1765 2204 1841 2262 ut
1884 2198 1979 2261 ita
2026 2198 2262 2275 dicam,
2311 2196 2662 2261 virtutibus
2711 2197 3158 2263 erudiuntur..

398 2306 583 2390 Quae
623 2328 684 2388 p.
721 2305 920 2370 123B
958 2313 1317 2370 narrantur
1364 2306 1733 2389 (παρελθεῖν
1768 2309 1991 2389 χώραν
2027 2307 2194 2369 πάνυ
2231 2306 2468 2387 πολλὴν
2496 2307 2602 2369 καὶ
2631 2307 2907 2388 ἀγαθήν,
2940 2308 3128 2388 ἐγγὺς-

398 2416 742 2497 ἡμερησίαν
787 2415 959 2486 ὁδόν,
1008 2416 1086 2495 ἣν
1131 2414 1347 2477 καλεῖν
1392 2415 1537 2483 τοὺς
1583 2415 1962 2495 ἐπιχωρίους
2017 2414 2229 2494 ζώνην
2283 2419 2391 2493 τῆς
2443 2413 2752 2495 βασιλέως
2799 2414 3118 2494 γυναικός.

395 2524 547 2585 εἶναι
586 2522 655 2585 δὲ
700 2522 807 2585 καὶ
852 2522 1043 2603 ἄλλην
1090 2524 1169 2602 ἣν
1214 2520 1297 2584 αὗ
1343 2521 1677 2583 καλεῖσθαι
1721 2521 2101 2601 καλύπτραν,
2149 2520 2256 2582 καὶ
2301 2520 2528 2589 ἄλλους
2571 2520 2844 2589 πολλοὺς
2888 2521 3121 2589 τόπους

394 2628 629 2697 καλοὺς
663 2628 994 2709 κάγαθοὺς
1030 2630 1117 2697 εἰς
1152 2628 1259 2690 τὸν
1294 2628 1541 2709 κόσμον
1578 2628 2006 2709 ἐξῃρημένους
2042 2626 2148 2689 τὸν
2184 2632 2292 2707 τῆς
2329 2626 2639 2707 γυναικός,
2686 2627 2792 2689 καὶ
2839 2626 3131 2707 ὀνόματα.

394 2737 555 2817 ἔχειν
599 2736 899 2804 ἑκάστους
943 2740 1073 2797 τῶν
1117 2735 1332 2797 τόπων
1378 2734 1505 2797 ἀπὸ
1553 2736 1818 2797 ἑκάστου
1865 2739 1993 2796 τῶν
2047 2734 2341 2815 κόσμων)
2395 2752 2608 2813 neque
2657 2754 2737 2794 ex
2784 2730 2939 2813 Cyri
2985 2734 3121 2796 vita

394 2847 462 2904 et
488 2840 879 2906 educatione
910 2862 1125 2923 neque
1156 2862 1236 2903 ex
1263 2838 1567 2903 Anabasi
1593 2839 1836 2903 hausta
1866 2845 2038 2916 sunt,
2071 2860 2220 2903 cum
2249 2838 2414 2903 nihil
2443 2838 2575 2902 tale
2603 2839 2698 2903 ibi
2725 2840 3116 2903 inveniatur.

608 2946 763 3026 Sed,
821 2947 1059 3011 dixerit
1117 2947 1465 3030 quispiam,
1524 2968 1731 3009 unum
1787 2952 2012 3009 tamen
2071 2966 2218 3009 cum
2265 2944 2722 3027 Xenophonte
2780 2946 3110 3026 congruit:

393 3074 633 3136 pueros
672 3078 711 3119 a
749 3055 1099 3137 magistris-1,
1138 3074 1275 3117 non
1315 3052 1719 3131 mulieribus,
1761 3051 2084 3130 educari,·²
2124 3052 2300 3135 quod
2339 3058 2693 3134 utrumque
2731 3052 3116 3134 scriptorem

392 3162 673 3225 maxime
720 3182 1036 3243 premere.
1112 3161 1291 3225 Num
1340 3168 1559 3224 autem
1604 3159 1996 3241 Xenophon
2043 3158 2349 3223 mulieres
2397 3160 2754 3223 educantes
2800 3160 3114 3225 inducere

390 3268 648 3352 potuit?
731 3270 1029 3333 Minime.
1112 3268 1291 3332 Nam
1338 3269 1457 3332 viri
1505 3268 1718 3332 solum
1765 3289 2008 3350 pueros
2057 3267 2338 3331 educare
2385 3274 2666 3349 possunt
2709 3268 2780 3331 in
2828 3268 3110 3345 civitate,

390 3396 588 3458 quam
635 3376 1176 3458 perfectissimam
1212 3375 1601 3457 Xenophon
1648 3382 1868 3439 mente
1915 3374 2041 3438 sibi
2085 3374 2292 3439 finxit.
2329 3374 2616 3439 .Eadem
2665 3374 2748 3439 de
2797 3396 2993 3439 causa
3041 3376 3110 3439 in

388 3482 739 3546 Alcibiade
772 3483 1157 3546 -Persarum
1222 3503 1409 3565 reges
1477 3505 1515 3546 a
1582 3483 1736 3546 viris
1803 3482 2186 3546 educantur.
2277 3482 2513 3563 Neque
2579 3482 2856 3547 fortasse
2921 3482 3120 3547 illum.

384 3588 807 3653 Antisthenis
857 3587 1233 3671 dialogum⁵
1281 3589 1652 3671 exemplum
1697 3589 1893 3652 huius
1940 3590 2340 3653 narrationis
2388 3588 2590 3652 fuisse
2639 3588 3103 3667 concedemus;

385 3694 579 3759 nobis
626 3696 802 3759 enim
850 3696 1293 3778 persuasimus
1340 3695 1512 3759 hanc
1569 3696 1781 3777 ipsam
1823 3702 2096 3777 partem
2153 3697 2490 3777 scriptoris
2548 3697 2884 3777 propriam
2941 3717 3104 3773 esse,

386 3824 519 3884 qua
564 3804 843 3866 maxime
892 3801 1362 3885 gloriabatur..
1414 3802 1546 3867 Hic
1613 3804 1790 3867 enim
1857 3804 2112 3867 occasio
2181 3805 2238 3865 ei
2297 3802 2517 3867 oblata
2577 3809 2721 3866 erat
2777 3824 2875 3881 ea,
2935 3824 3104 3883 quae

384 3909 527 3991 ipse
595 3916 810 3972 mente
876 3908 1001 3973 sibi
1067 3909 1363 3987 finxerat,
1432 3909 1845 3991 expediendi,
1913 3931 2062 3973 cum
2129 3932 2161 3973 a
2197 3911 2482 3973 ,1101111110
2531 3908 2803 3973 refutari
2861 3915 3102 3990 posset,

384 4015 563 4098 quod
602 4016 742 4079 sine
783 4014 981 4079 dubio
1020 4017 1205 4079 varia
1247 4015 1325 4079 de
1365 4015 1587 4079 Persis
1625 4016 2086 4081 narrabantur.
2147 4016 2362 4099 Quam
2399 4017 2850 4081 narrationem
2890 4023 3104 4079 mente

384 4123 823 4203 excogitatam
870 4144 1011 4185 esse
1062 4123 1208 4205 quis
1258 4130 1377 4201 est,
1429 4124 1587 4207 quin
1637 4123 1900 4188 videat?

597 4336 613 4369 ¹
654 4336 813 4389 Conf.
854 4336 985 4403 Cyri
1025 4337 1123 4388 vit.
1162 4342 1219 4388 et
1266 4337 1484 4390 educat.
1524 4338 1555 4391 I
1592 4338 1645 4404 3,
1686 4339 1743 4391 1:
1805 4339 2008 4408 Κῦρος
2053 4340 2170 4407 γὰρ
2211 4340 2380 4408 μέχρι
2422 4340 2538 4405 μὲν
2583 4336 2822 4393 δώδεκα
2865 4339 3022 4391 ἐτῶν
3067 4340 3102 4405 ἢ

379 4426 567 4494 ὀλίγῳ
604 4426 818 4480 πλεῖον
854 4428 1029 4495 ταύτῃ
1068 4433 1135 4494 τῇ
1172 4425 1411 4497 παιδείᾳ
1448 4426 1794 4495 ἐπαιδεύθη.

595 4512 617 4545 ²
654 4514 737 4565 De
775 4514 862 4565 his
900 4515 1063 4566 rebus
1105 4514 1251 4566 conf.
1291 4516 1538 4567 eiusdem
1580 4516 1736 4568 libri:
1776 4516 1806 4568 I
1844 4518 1894 4582 2,
1933 4517 1965 4569 6
2007 4535 2153 4584 seqq.

596 4602 617 4635 ³
652 4620 705 4670 p.
738 4603 901 4655 1211)
941 4621 1092 4670 seqq.

593 4692 617 4725 ⁴
654 4691 813 4744 Conf.
854 4693 980 4745 Alc.
1020 4710 1073 4761 p.
1110 4693 1269 4745 121D
1310 4698 1367 4745 et
1406 4692 1546 4745 Xen.
1589 4693 1717 4760 Cyri
1758 4695 1857 4746 vit.
1898 4700 1954 4746 et
1993 4695 2212 4747 educat.
2253 4694 2282 4746 I
2322 4696 2371 4762 2,
2411 4697 2443 4747 5
2483 4713 2632 4762 seqq.

594 4780 615 4812 5
653 4782 856 4851 Κῦρος
895 4784 927 4849 ἢ
964 4783 1103 4852 περὶ
1137 4784 1452 4853 βασιλείας
1490 4782 1635 4835 conf.
1677 4783 1840 4851 Diog.
1881 4782 1950 4837 L.
1986 4784 2020 4835 1.
2059 4784 2146 4836 VI
2186 4784 2266 4837 16.
