3567 5109
1615 311 2089 375 -130—

503 503 836 566 doctrinae
899 524 1208 565 summam
1262 500 1402 586 [in]
1464 501 1831 588 eloquentia
1893 523 2156 564 manum
2200 501 2625 586 imponeret-¹),
2682 504 3007 582 colligere
3053 523 3207 582 pos-

503 627 759 672 sumus.
826 609 1176 671 Severiani
1241 611 1424 672 enim
1491 616 1638 671 tota
1701 612 1913 672 sectio
1980 611 2281 672 secunda
2349 615 2420 672 et
2482 610 2791 687 episcopi
2854 606 3209 687 Hispalen-

505 715 603 776 sis
651 715 881 794 capita
929 714 1251 790 x—X1v‚
1300 733 1477 793 quae
1525 714 1693 775 mihi
1741 733 1825 776 ex
1874 716 2076 777 initio
2124 713 2647 776 Institutionum
2684 731 2835 775 esse
2884 719 3210 791 excerpta

507 819 847 893 videntur,
898 819 985 880 ad
1033 825 1382 880 oratorem
1430 818 1743 880 futurum
1790 817 2307 881 informandum
2359 821 2729 898 pertinent.

717 923 876 985 Sine
921 923 1136 986 dubio
1183 924 1404 985 Iulius
1439 923 1849 986 Severianus
1899 924 2208 1002 singulas
2256 941 2385 997 rea,
2437 941 2574 1001 quo
2609 923 2857 985 ordine
2904 923 2973 984 in
3022 922 3213 986 fonte

509 1045 636 1090 suo
683 1029 1067 1103 invenerat,
1119 1029 1484 1108 excerpsit,
1541 1035 1618 1089 ut
1665 1027 1943 1090 Celsum
1992 1032 2297 1108 primum
2345 1029 2429 1090 de
2477 1029 2779 1106 ingeni0,
2828 1027 3079 1089 deinde
3125 1028 3212 1089 de

513 1133 861 1211 frequenti
907 1133 1139 1194 studio
1189 1134 1407 1194 futuri
1451 1132 1762 1194 oratoris
1810 1133 2037 1212 egisse
2070 1136 2215 1194 veri
2262 1133 2487 1194 simile
2521 1133 2629 1193 sit.
2680 1131 2936 1193 Isidori
2986 1138 3215 1193 autem

511 1244 1147 1316 progymnasmata,
1221 1243 1298 1298 ut
1361 1240 1490 1300 hoc
1557 1238 1899 1300 vocabulo
1970 1238 2237 1300 Graeco
2302 1244 2476 1313 utar,
2544 1257 2629 1300 ex
2691 1255 2779 1299 eo
2843 1238 3019 1310 loco,
3074 1253 3215 1314 quo

513 1341 863 1404 scribendi
959 1349 1026 1405 et
1102 1343 1530 1404 declamandi
1628 1348 1999 1422 praecepta
2096 1343 2461 1421 explanata
2556 1349 2771 1418 erant,
2866 1344 3217 1420 exscripta

517 1446 841 1509 videntur
877 1465 1047 1508 esse.
1097 1447 1244 1509 Iam
1292 1465 1460 1509 vero
1496 1445 1770 1509 Celsum
1806 1465 1919 1509 res
1955 1448 2264 1526 singulas
2299 1447 2592 1524 singulis
2626 1445 2968 1526 capitibus
3000 1446 3217 1508 absol-

521 1551 703 1613 visse
751 1556 1096 1631 suspicor;
1145 1571 1304 1613 nam
1354 1571 1508 1612 eum
1559 1551 1841 1613 uberius
1876 1571 1950 1612 ac
1994 1551 2215 1613 fusius
2250 1551 2334 1611 de
2368 1553 2473 1614 his
2506 1547 2721 1612 rebus
2755 1550 3221 1630 disputavisse

517 1661 586 1717 et
653 1673 736 1717 ex
809 1657 1116 1735 episcopi
1179 1656 1610 1734 Hispalensis
1672 1664 1738 1717 et
1803 1675 1888 1717 ex
1952 1656 2106 1717 Iulii
2175 1655 2525 1718 Severiani
2596 1656 2827 1718 verbis
2892 1656 3219 1734 cognosci

519 1765 766 1838 potest.
841 1759 970 1822 Ille
1035 1763 1233 1837 enim,
1300 1778 1452 1822 cum
1523 1761 2173 1839 progymnasmatis,
2232 1778 2407 1838 quae
2478 1766 2837 1836 vocantur,
2916 1760 3223 1838 quinque

519 1864 781 1926 tribuat
814 1863 1064 1942 capita,
1110 1863 1386 1926 Celsum
1435 1865 1519 1926 de
1566 1864 1670 1926 his
1719 1869 1881 1926 satis
1930 1865 2145 1927 multa
2191 1865 2595 1944 praebuisse
2642 1864 2831 1927 clare
2878 1863 3218 1936 ostendit3

523 1969 702 2030 hunc
769 1975 993 2030 autem
1045 1971 1386 2047 quaedam
1455 1971 1889 2048 excerpsisse
1936 1988 2094 2032 cum
2130 1971 2345 2031 totius
2392 1972 2720 2032 sectionis
2770 1973 3033 2031 ratione
3080 1975 3223 2029 tum

525 2071 798 2134 duobus
832 2073 1102 2134 indiciis
1136 2073 1670 2136 demonstratur.
1703 2075 1991 2137 Duobus
2040 2075 2221 2136 enim
2270 2076 2441 2137 locis
2480 2075 2875 2137 orationum
2907 2073 3226 2151 frequen-

523 2181 662 2238 tem
724 2176 1090 2238 lectionem
1156 2179 1617 2255 commendam
1689 2180 1937 2242 deinde
2004 2197 2156 2241 cum
2225 2180 2309 2241 ad
2375 2180 2790 2258 sapientium
2859 2182 3230 2259 praecepta

523 2283 791 2353 transit,
839 2284 1217 2359 praemittit
1265 2282 1825 2346 coniunctionem
1866 2303 2032 2358 uam,
2090 2302 2291 2362 quam
2343 2301 2480 2362 quo
2514 2282 2783 2345 referas
2816 2300 2955 2343 non
3000 2281 3229 2354 habeS‚

529 2391 604 2446 ut
697 2392 908 2448 totam
979 2385 1158 2448 hanc
1219 2390 1629 2449 sententiam
1695 2405 1778 2448 ex
1827 2388 2144 2466 longiore
2208 2389 2643 2465 exposit-ione
2719 2391 3005 2466 petitam
3080 2403 3232 2448 esse

529 2496 809 2553 statuas
871 2489 1114 2569 Itaque
1187 2489 1482 2552 frustula
1539 2492 1686 2552 sola
1737 2509 1823 2552 ex
1872 2489 2000 2554 hac
2048 2491 2437 2553 rhetoricae
2484 2499 2679 2570 parte
2726 2499 2997 2554 exstare
3041 2495 3231 2569 puto,

531 2613 614 2656 ex
665 2593 916 2674 quibus
974 2601 1205 2656 tamen
1255 2594 1530 2657 Celsum
1577 2597 1647 2657 in
1698 2603 1975 2658 oratore
2022 2595 2474 2657 informando
2508 2596 2863 2658 Ciceronis
2896 2597 3232 2676 pressisse

531 2701 817 2777 vestigia
862 2700 1031 2761 satis
1067 2709 1254 2778 patet
1267 2701 1337 2776 ²).
1369 2701 1503 2762 Sed
1537 2701 1865 2779 quoniam
1901 2700 2143 2763 Cicero
2176 2701 2295 2762 has
2328 2719 2441 2763 res
2474 2701 2780 2764 breviter
2808 2701 3233 2778 perstrinxit,

532 2801 932 2865 Cornelium
992 2803 1268 2867 Celsum
1333 2806 1505 2866 alios
1572 2822 1847 2884 quoque
1925 2807 2298 2884 scriptores
2376 2806 2809 2868 consuluisse
2855 2804 3091 2882 liquet.
3152 2803 3233 2863 In

535 2908 806 2969 dicendi
859 2907 1140 2986 quidem
1190 2909 1611 2988 primordiiS,
1666 2928 1838 2988 quae
1894 2912 2173 2988 proprie
2217 2911 2315 2970 sic
2349 2917 2708 2984 vocantur,
2759 2905 3237 2970 describendis

536 3019 886 3072 auctorem
931 3011 1271 3075 Graecum
1321 3021 1599 3074 secutus
1645 3015 1921 3076 videtur
1969 3031 2136 3076 esse.

748 3116 890 3178 Iam
925 3134 1093 3178 vero
1129 3121 1504 3195 quaeritur,
1539 3122 1715 3180 sitne
1761 3136 1929 3180 usus
1962 3119 2425 3188 Quintilianus
2472 3119 2595 3178 hac
2642 3116 2821 3179 Celsi
2854 3117 3237 3178 rhetoricae

539 3227 752 3300 parte.
799 3221 1002 3293 Quod
1049 3241 1212 3285 sane
1253 3222 1762 3284 adfirmandum
1812 3228 1932 3284 est.
1982 3214 2150 3285 Nam
2186 3223 2256 3286 in
2289 3224 2440 3302 ipso
2474 3222 2833 3300 prooemio
2872 3222 2955 3298 (gn
2990 3226 3067 3280 26
3094 3219 3239 3297 sq.),

539 3326 658 3387 ubi
725 3326 807 3388 de
878 3328 1165 3389 ‘natura'
1231 3328 1553 3406 disputat,
1619 3328 1958 3406 quaedam
2024 3328 2196 3390 adeo
2264 3344 2649 3405 congruere
2694 3326 3021 3388 videntur
3085 3342 3237 3386 cum

539 3429 694 3491 Iulii
744 3430 1100 3493 Severiani
1151 3432 1401 3506 verbiS,
1450 3439 1524 3492 ut
1571 3431 1736 3492 mihi
1787 3431 2072 3493 dubium
2122 3450 2259 3492 non
2310 3431 2417 3505 sit,
2468 3431 2637 3508 quin
2686 3428 2887 3492 Celso
2934 3445 3102 3489 usus
3150 3427 3241 3488 sit

543 3542 844 3597 auctore.

809 3725 1204 3787 Quintilianus,
1245 3727 1287 3776 1.
1325 3740 1571 3787 prooem.
2206 3727 2309 3776 Iul.
2352 3727 2537 3776 Sever.
2578 3741 2631 3788 p.
2670 3729 2788 3788 355,
2830 3729 2891 3774 17
2912 3739 2980 3775 ss,

683 3833 765 3880 26.
795 3827 938 3877 Illud
961 3835 1134 3879 tamen
1159 3832 1214 3878 in
1231 3832 1416 3892 primis
1435 3831 1722 3880 testandum
1749 3838 1837 3888 esc,
2092 3829 2346 3878 Orator-iis
2366 3829 2567 3878 artibus
2584 3845 2729 3880 nenio
2746 3830 2932 3877 instrui
2946 3834 3125 3892 potest,
3145 3827 3247 3875 nisi

545 3915 682 3966 nihil
709 3923 996 3979 praecepta
1023 3923 1170 3980 atque
1198 3925 1334 3966 artes
1359 3917 1528 3967 valere
1563 3920 1666 3966 nisi
1691 3918 1838 3966 adin·
1950 3918 2029 3964 σιιί
2047 3917 2303 3977 &menium
2322 3923 2368 3965 et
2380 3916 2631 3978 frequens
2657 3917 2877 3964 studium
2898 3921 2987 3965 ext.
3014 3915 3245 3962 Primum

550 4011 700 4054 vante
735 4009 926 4053 natura
947 4045 955 4054 .
983 4044 993 4053 .
1015 4044 1027 4056 .
1053 4043 1063 4054 .
1951 4005 2109 4052 animi
2170 4003 2241 4052 sit
2301 4010 2496 4065 oportet
2548 4003 2808 4064 quaedam
2858 4001 3120 4050 naturalis
3174 4001 3249 4050 ad

1953 4089 2199 4140 videndas
2248 4089 2646 4152 ediscendaaquc
2706 4105 2789 4138 res
2834 4091 3098 4152 potentia:
3142 4095 3247 4138 tum

1950 4193 2084 4242 vox,
2148 4180 2336 4244 latus,
2402 4177 2599 4238 decor,
2654 4177 2969 4238 valetudo,
3007 4179 3247 4242 fruga-

689 4267 772 4314 27.
809 4263 938 4315 Sunt
977 4271 1022 4313 et
1058 4265 1175 4314 alia
1213 4266 1446 4330 inyenita
1481 4269 1653 4328 cuique
1691 4266 1841 4315 adiu-
1954 4265 2182 4327 lica-3³),
2224 4265 2464 4315 laboris
2496 4267 2844 4328 patientia.

551 4359 739 4408 meram,
802 4366 933 4416 vox,
1008 4349 1179 4400 latus
1239 4353 1503 4413 patiens
1576 4350 1842 4408 labori-9,

552 4438 869 4500 valetudo,
909 4438 1212 4496 constancia,
1250 4437 1452 4488 decor.

769 4631 804 4688 1)
844 4629 1076 4684 Quintil.
1117 4631 1296 4679 Instit.
1337 4645 1415 4678 or.
1455 4632 1496 4680 Ι.
1540 4645 1788 4693 prooem.
1828 4637 1875 4681 4.

767 4716 806 4772 ²)
846 4715 912 4764 ci.
955 4716 1024 4764 de
1063 4717 1156 4764 Or.
1193 4717 1220 4764 I
1263 4720 1468 4772 113ss.‚
1509 4721 1607 4768 149
1629 4731 1727 4772 ss.;
1764 4719 1857 4768 Or.
1903 4723 2015 4768 118.

768 4798 811 4867 ³)
850 4803 1072 4863 Optime
1111 4805 1370 4864 congruit
1406 4819 1530 4853 cum
1572 4806 1717 4855 Celsi
1755 4808 1990 4868 ratione,
2030 4808 2178 4868 quod
2221 4808 2375 4855 addit
2412 4821 2600 4854 vocem
2627 4805 2937 4867 ‚t'o-uyalieas.
