3567 5109
1594 269 2065 336 -164—

483 470 656 526 recta
720 457 1040 528 videntur.
1113 461 1525 548 Quapropter
1587 472 1646 524 et
1707 461 1824 542 his,
1872 462 1986 550 qui
2030 483 2133 525 eos
2180 461 2366 526 ludos
2411 461 2649 542 habent,
2694 471 2753 525 et
2798 461 2919 543 his,
2967 463 3086 550 qui
3126 483 3195 525 eo

494 567 703 631 venire
751 576 1151 646 consuerunt,
1199 564 1406 630 visum
1452 575 1542 630 est
1562 566 1605 647 ¹)
1637 565 2062 652 faciundum,
2110 577 2180 629 ut
2224 566 2683 630 ostenderemus
2728 576 3013 630 nostram
3058 588 3195 630 sen-

482 674 756 752 tentiam,
791 669 969 734 nobis
1001 692 1123 733 non
1155 669 1428 756 placere.
1469 674 1606 736 Sed
1636 675 1704 736 F.
1736 674 2044 736 Marxius
2076 673 2118 736 l.
2150 674 2193 737 l.
2226 674 2527 737 edictum
2574 676 2680 738 his
2712 673 2943 737 verbis
2976 674 3194 736 tradi-

483 787 629 842 tum
687 798 840 842 cum
898 779 1014 858 eiS,
1075 797 1248 858 quae
1306 777 1486 857 apud
1534 778 1938 841 Ciceronem
1986 778 2331 856 leguntur,
2378 781 2765 843 consociari
2811 797 3020 859 posse
3066 797 3192 840 suo

484 885 631 947 iure
697 891 924 963 negat.
995 884 1219 962 Atque
1290 900 1708 962 quamquam
1775 882 2079 944 edictum
2146 883 2216 945 in
2280 883 2541 946 multos
2602 883 2838 946 invehi
2902 883 3195 958 videtur,

483 1008 803 1052 censores
843 989 938 1078 ⁴L.
1007 989 1302 1051 Plotium
1370 989 1718 1068 quendam
1791 994 2143 1068 spectasse
2207 1007 2423 1051 unum
2507 989 2843 1051 nonnulla
2922 993 3196 1051 exstant

481 1095 889 1170 testimonia,
954 1097 1025 1156 in
1093 1096 1218 1168 his,
1267 1094 1456 1173 quod
1505 1094 1590 1156 de
1635 1093 1829 1156 ludo
1877 1111 2034 1156 uno
2084 1092 2378 1156 Crassus
2424 1094 2755 1174 loquitur.
2820 1093 2920 1156 De
2966 1093 3193 1156 Plotio

482 1205 634 1280 ipso
670 1201 971 1263 conferri
1005 1205 1318 1280 possunt,
1354 1216 1528 1279 quae
1560 1198 2029 1270 Quintilianus
2064 1199 2229 1262 Inst.
2267 1217 2364 1261 or.
2386 1198 2455 1260 II
2490 1205 2548 1274 4,
2582 1205 2663 1259 42
2696 1199 2898 1261 dicit:
2931 1194 3197 1258 Latinos

483 1324 629 1364 vero
676 1299 936 1367 dicendi
967 1309 1421 1386 praeceptores
1467 1299 1763 1363 extremis
1818 1298 1891 1366 L.
1943 1299 2168 1367 Crassi
2212 1299 2601 1386 tempom'bus
2652 1301 2924 1386 coepisse
2978 1299 3197 1363 Cicero

482 1415 701 1468 auctor
739 1413 852 1472 est.
887 1385 1152 1490 quorwm
1185 1404 1453 1487 insiynis
1487 1405 1753 1466 maxime
1786 1403 2037 1468 Plotius
2052 1405 2214 1489 fuit.
2252 1407 2621 1468 Praeterea
2652 1407 2969 1483 Plotium,
3002 1410 3196 1470 cuius

491 1515 788 1575 amicum
855 1511 1070 1573 fuisse
1119 1511 1412 1573 Marium
1463 1510 1707 1573 Cicero
1775 1528 1904 1589 pro
1970 1511 2170 1572 Arch.
2238 1513 2317 1570 20
2384 1510 2578 1573 testis
2645 1517 2779 1572 est:
2828 1508 3045 1596 itaque
3090 1508 3199 1572 ille

494 1614 754 1678 Marius
809 1614 954 1676 item
998 1613 1221 1676 eximie
1268 1611 1340 1677 L.
1389 1610 1674 1675 Plotium
1737 1611 1981 1690 dilexit,
2032 1614 2216 1676 cuius
2280 1614 2530 1694 inqenio
2564 1610 2848 1698 putabat
2892 1635 2987 1695 ea,
3036 1635 3197 1700 quae

480 1727 782 1804 9esserat,
823 1739 1006 1802 posse
1051 1716 1373 1798 celebrari,
1429 1719 1502 1782 in
1552 1723 1820 1782 actione
1868 1718 2283 1796 Caeciliana,
2342 1738 2517 1799 quae
2566 1738 2745 1782 anno
2796 1721 3033 1798 698s56
3083 1723 3197 1782 ha·

488 1828 632 1890 bita
687 1833 810 1903 est,
867 1831 1107 1888 contra
1164 1823 1568 1888 Ciceronem
1628 1825 1903 1886 stetisse
1960 1830 2232 1888 constat
2288 1824 2501 1902 (Suet.
2560 1825 2644 1886 de
2690 1827 2860 1888 rhet.
2914 1825 2996 1904 1).
3062 1827 3199 1890 Sed

489 1932 659 1995 haec
695 1932 778 1994 de
809 1929 1038 1992 Plotio
1071 1933 1236 1992 satis
1284 1949 1436 1993 esse
1481 1936 1685 2009 puto;
1735 1930 1823 1992 ad
1870 1949 2093 1993 meam
2124 1947 2293 1992 vero
2328 1930 2871 2009 disputationem
2902 1933 3198 1993 maxime

485 2039 800 2117 pertinet,
866 2035 1033 2114 quid
1097 2035 1262 2097 novi
1331 2035 1700 2097 docuerint
1745 2036 2061 2097 rhetores
2108 2035 2333 2098 Latini
2377 2035 2487 2098 vel
2533 2034 2821 2111 Plotius,
2867 2036 3065 2098 cuius
3112 2055 3198 2098 ex

487 2141 653 2202 ludo
714 2159 868 2202 eum
920 2141 1039 2218 qui
1088 2146 1416 2219 quattuor
1467 2140 1572 2202 ad.
1607 2139 1679 2200 C.
1713 2141 2135 2202 Herennium
2186 2140 2270 2202 de
2320 2141 2591 2202 ratione
2639 2139 2913 2202 dicendi
2977 2141 3198 2203 libros

487 2245 784 2324 scripsit,
827 2243 1218 2323 profectum
1259 2262 1412 2306 esse
1445 2243 1750 2308 Marxius
1798 2243 2180 2322 ostendit.²)
2214 2244 2405 2315 Quos
2451 2245 2616 2306 artis
2648 2243 2925 2307 dicendi
2956 2248 3199 2324 magis-

489 2359 673 2412 stros
734 2346 1068 2410 removisse
1132 2367 1372 2410 omnem
1433 2345 1787 2409 doctrinam
1837 2345 2145 2409 Graecam
2195 2367 2525 2434 omnesque
2590 2344 2835 2410 litteras
2877 2357 2936 2410 et
2980 2347 3195 2410 docere

481 2475 612 2514 sese
665 2473 792 2513 esse
847 2453 1180 2537 professos
1237 2449 1619 2515 rhetoricam
1677 2449 1990 2514 Graecam
2044 2449 2325 2514 exclusis
2367 2459 2427 2512 et
2468 2450 2885 2536 scriptoribus
2934 2450 3197 2515 Graecis

483 2565 541 2619 et
608 2555 838 2619 litteris
916 2563 978 2618 et
1039 2555 1186 2640 ipsa
1261 2555 1496 2641 *linqua
1563 2554 1815 2619 Graeca
1878 2577 2002 2619 non
2063 2553 2357 2620 adhibita
2414 2558 2598 2621 idem
2660 2559 2702 2621 l.
2774 2561 2812 2622 l.
2881 2561 2972 2640 (p.
3042 2562 3192 2638 145)

485 2665 744 2727 statuit.
812 2662 1004 2734 Quae
1048 2681 1202 2725 cum
1252 2666 1346 2725 ita
1389 2666 1542 2740 sint,
1598 2662 1804 2726 huius
1860 2665 2136 2742 generis
2183 2664 2589 2727 Latinorum
2635 2665 2993 2728 rhetorum
3039 2683 3197 2744 pro-

488 2772 716 2848 prium
767 2777 911 2832 erat
953 2768 1188 2831 odium
1239 2767 1682 2832 Graecorum.

695 2892 830 2954 Sed
865 2907 1281 2970 quamquam
1315 2909 1462 2953 eam
1495 2891 1909 2954 sententiam
1957 2890 2203 2970 prob0,
2252 2899 2480 2954 tamen
2528 2909 2611 2954 eo
2660 2893 2813 2972 ipso
2860 2911 2898 2956 a
2931 2893 3196 2956 Marxio

483 2999 685 3061 valde
732 2999 1086 3072 dissentio,
1121 2997 1310 3076 quod
1343 2995 1660 3059 rhetores
1692 2995 1981 3058 Latinos
2040 3014 2218 3074 quos
2264 3001 2479 3074 vocat,
2527 2995 2839 3076 primos
2887 2999 3197 3060 omnium

489 3119 880 3166 sermonem
932 3104 1307 3165 Latinum
1357 3101 1427 3164 in
1501 3101 1807 3164 scholis
1859 3100 2223 3182 publicis
2290 3099 2690 3163 adhibuisse
2721 3103 2888 3164 mihi
2921 3120 3198 3182 quoque

489 3226 901 3288 persuasum
978 3212 1102 3269 est.
1177 3190 1390 3268 Cuius
1466 3207 1570 3269 rei
1635 3207 2104 3268 testimonium
2169 3211 2293 3281 est,
2358 3205 2550 3284 quod
2614 3208 2779 3268 haec
2843 3206 3198 3270 Ciceronis

492 3313 706 3376 verba
754 3312 941 3392 apud
988 3312 1392 3376 Suetonium
1440 3313 1768 3390 leguntur
1817 3311 1902 3373 de
1969 3313 2139 3374 rhet.
2187 3311 2269 3372 2:-
2306 3305 2623 3394 Equidem.
2676 3310 2973 3370 memoria
3028 3319 3201 3371 teneo

483 3417 711 3501 pueris
756 3413 932 3476 nobis
975 3413 1255 3496 primum
1300 3411 1531 3478 Latine
1577 3411 1798 3476 docere
1845 3412 2116 3496 coepisse
2169 3411 2453 3474 Plotium
2512 3410 2843 3499 quendam,
2886 3411 2974 3475 ad
3020 3434 3203 3500 quem

494 3541 632 3584 cum
662 3518 851 3600 fieret
899 3539 1267 3598 concursus,
1319 3517 1496 3605 quod
1523 3517 2030 3582 studiosissimus
2074 3519 2340 3604 quisque
2388 3516 2567 3600 apud
2597 3539 2739 3580 eum
2782 3526 3201 3598 exerceretur,

491 3623 775 3688 dolebam
820 3624 979 3685 mihi
1020 3621 1190 3685 idem
1236 3643 1359 3686 non
1397 3622 1597 3686 licere.
1653 3620 2040 3686 Continebar
2081 3631 2291 3684 autem
2336 3619 2835 3684 doctissimorum
2880 3621 3197 3684 hominum

490 3730 890 3808 auctoritate,
960 3727 1072 3815 qui
1133 3727 1586 3790 existimabant
1654 3725 1918 3790 Graecis
1982 3725 2539 3789 exercitationibus
2596 3725 2699 3789 ali
2749 3723 2977 3790 melius
3012 3748 3225 3812 posse-

491 3832 765 3918 inqenia-.
831 3837 920 3898 Et
965 3836 1266 3898 Plotium
1325 3836 1517 3896 illum
1556 3831 1887 3916 primum
1945 3833 2203 3895 Romae
2262 3833 2565 3896 scholam
2629 3835 3065 3910 rhetoricam,
3130 3836 3198 3897 in

493 3961 628 4022 qua
675 3960 904 4004 sermo
938 3941 1221 4004 Latinus
1268 3944 1336 4002 in
1384 3958 1513 4002 usu
1562 3947 1726 4016 erat,
1775 3941 2097 4002 habuisse
2132 3945 2197 4000 et
2231 3937 2632 4002 Ciceronem
2678 3943 2906 4018 ipsum
2940 3939 3202 4001 adules-

495 4053 758 4108 centem
825 4064 864 4106 a
928 4045 1324 4108 rhetoribus
1393 4040 1655 4126 lingua
1721 4039 2024 4104 Graeca
2100 4043 2516 4106 instructum
2593 4061 2745 4106 esse
2809 4061 2894 4106 ex
2970 4043 3201 4106 verbis

495 4145 718 4212 allatis
787 4156 1088 4228 apparet.
1153 4149 1269 4212 Eis
1331 4167 1472 4211 non
1542 4149 1840 4222 obstant,
1907 4166 2087 4227 quae
2152 4148 2464 4210 Marxius
2509 4148 2549 4209 l.
2595 4149 2635 4209 l.
2684 4151 2961 4228 scripsit
3006 4167 3201 4228 neque

495 4253 654 4314 enim
710 4249 959 4314 Graeca
1011 4251 1230 4336 linqua
1279 4273 1426 4314 usos
1470 4273 1600 4314 esse
1647 4253 1714 4313 in
1760 4249 2039 4312 docendo
2077 4248 2362 4312 Caelium
2412 4248 2827 4333 Antipatrum
2877 4248 2975 4311 vel
3025 4247 3200 4333 Opil-

497 4356 643 4419 lium
696 4355 1036 4418 Aurelium
1101 4355 1274 4418 credi
1323 4364 1534 4440 potest
1597 4377 1796 4443 neque
1861 4353 1954 4421 M.
2002 4353 2343 4417 Antonium
2402 4352 2649 4417 Latina
2697 4353 2916 4440 lingua
2974 4353 3200 4419 librum

493 4461 670 4524 illum
761 4462 1210 4543 conscripsisse
1296 4483 1417 4523 non
1493 4468 1749 4525 constat.
1825 4461 1999 4524 Nam
2076 4461 2383 4525 Caelium
2459 4463 2920 4543 Antipatrum,
2997 4477 3202 4540 quem

707 4691 744 4751 ¹)
781 4691 863 4739 sic
900 4690 1034 4752 legit
1072 4691 1142 4738 M.
1182 4689 1445 4740 Hertzius
1483 4691 1542 4739 in
1581 4690 1797 4739 maiore
1834 4691 2003 4740 Gellii
2044 4687 2294 4740 editione
2332 4703 2383 4752 p.
2426 4691 2545 4741 239.

713 4777 754 4839 ²)
791 4778 827 4826 l.
865 4790 907 4827 e.
947 4790 987 4824 e.
1019 4778 1110 4826 151
1137 4789 1258 4838 sqq.
