<?xml version="1.0" encoding="UTF-8"?>
<!DOCTYPE html PUBLIC "-//W3C//DTD XHTML 1.0 Transitional//EN"
    "http://www.w3.org/TR/xhtml1/DTD/xhtml1-transitional.dtd">
<html xmlns="http://www.w3.org/1999/xhtml" xml:lang="en" lang="en">
 <head>
  <title>
</title>
<meta http-equiv="Content-Type" content="text/html;charset=utf-8" />
  <meta name='ocr-system' content='tesseract 3.04.00' />
  <meta name='ocr-capabilities' content='ocr_page ocr_carea ocr_par ocr_line ocrx_word'/>
</head>
<body>
  <div class='ocr_page' id='page_1' title='image "./dissertationesp09wiengoog_0179.png"; bbox 0 0 3567 5109; ppageno 0'>
   <div class='ocr_carea' id='block_1_1' title="bbox 1481 351 1955 414">
    <p class='ocr_par' dir='ltr' id='par_1_1' title="bbox 1481 351 1955 414">
     <span class='ocr_line' id='line_1_1' title="bbox 1481 351 1955 414; baseline 0 -1"><span class='ocrx_word' id='word_1_1' title='bbox 1481 387 1564 396; x_wconf 89' lang='lat'><strong>--</strong></span> <span class='ocrx_word' id='word_1_2' title='bbox 1659 351 1776 414; x_wconf 89' lang='grc'><strong>171</strong></span> <span class='ocrx_word' id='word_1_3' title='bbox 1876 387 1955 396; x_wconf 88' lang='lat'><strong>·—-</strong></span> 
     </span>
    </p>
   </div>
   <div class='ocr_carea' id='block_1_2' title="bbox 353 541 3081 2407">
    <p class='ocr_par' dir='ltr' id='par_1_2' title="bbox 353 541 3073 834">
     <span class='ocr_line' id='line_1_2' title="bbox 353 541 3073 624; baseline -0.001 -16"><span class='ocrx_word' id='word_1_4' title='bbox 353 544 858 620; x_wconf 86' lang='lat' dir='ltr'><strong>delibaverunt,</strong></span> <span class='ocrx_word' id='word_1_5' title='bbox 891 563 1006 607; x_wconf 89' lang='lat' dir='ltr'><strong>eas</strong></span> <span class='ocrx_word' id='word_1_6' title='bbox 1040 543 1128 606; x_wconf 86' lang='lat' dir='ltr'><strong>ad</strong></span> <span class='ocrx_word' id='word_1_7' title='bbox 1161 545 1638 624; x_wconf 86' lang='lat' dir='ltr'><strong>quaestionem</strong></span> <span class='ocrx_word' id='word_1_8' title='bbox 1672 541 1845 606; x_wconf 89' lang='lat' dir='ltr'><strong>nihil</strong></span> <span class='ocrx_word' id='word_1_9' title='bbox 1876 545 2105 608; x_wconf 88' lang='lat' dir='ltr'><strong>valere</strong></span> <span class='ocrx_word' id='word_1_10' title='bbox 2136 543 2452 606; x_wconf 90' lang='lat' dir='ltr'><strong>iudicem.</strong></span> <span class='ocrx_word' id='word_1_11' title='bbox 2503 541 2810 614; x_wconf 82' lang='lat' dir='ltr'>Certum,</span> <span class='ocrx_word' id='word_1_12' title='bbox 2845 541 3073 621; x_wconf 86' lang='lat' dir='ltr'><strong>quoad</strong></span> 
     </span>
     <span class='ocr_line' id='line_1_3' title="bbox 355 645 3073 728; baseline -0.001 -15"><span class='ocrx_word' id='word_1_13' title='bbox 355 653 485 713; x_wconf 86' lang='lat' dir='ltr'><strong>hae</strong></span> <span class='ocrx_word' id='word_1_14' title='bbox 549 652 620 712; x_wconf 90' lang='lat' dir='ltr'><strong>in</strong></span> <span class='ocrx_word' id='word_1_15' title='bbox 684 667 759 712; x_wconf 90' lang='lat' dir='ltr'><strong>re</strong></span> <span class='ocrx_word' id='word_1_16' title='bbox 834 649 1162 728; x_wconf 87' lang='lat' dir='ltr'><strong>ambigua</strong></span> <span class='ocrx_word' id='word_1_17' title='bbox 1225 647 1380 712; x_wconf 84' lang='lat' dir='ltr'><strong>fieri</strong></span> <span class='ocrx_word' id='word_1_18' title='bbox 1454 655 1704 728; x_wconf 86' lang='lat' dir='ltr'><strong>potest,</strong></span> <span class='ocrx_word' id='word_1_19' title='bbox 1779 649 2025 712; x_wconf 89' lang='lat' dir='ltr'><strong>ducem</strong></span> <span class='ocrx_word' id='word_1_20' title='bbox 2102 666 2353 728; x_wconf 85' lang='lat' dir='ltr'><strong>sequar</strong></span> <span class='ocrx_word' id='word_1_21' title='bbox 2418 645 2527 710; x_wconf 88' lang='lat' dir='ltr'><strong>Fr.</strong></span> <span class='ocrx_word' id='word_1_22' title='bbox 2595 647 2670 710; x_wconf 91' lang='grc' dir='ltr'><strong>Ο.</strong></span> <span class='ocrx_word' id='word_1_23' title='bbox 2718 647 2938 710; x_wconf 89' lang='lat' dir='ltr'><strong>Weise</strong></span> <span class='ocrx_word' id='word_1_24' title='bbox 3004 649 3073 710; x_wconf 89' lang='lat' dir='ltr'><strong>in</strong></span> 
     </span>
     <span class='ocr_line' id='line_1_4' title="bbox 353 753 1549 834; baseline -0.001 -16"><span class='ocrx_word' id='word_1_25' title='bbox 353 753 535 818; x_wconf 89' lang='lat' dir='ltr'><strong>libro</strong></span> <span class='ocrx_word' id='word_1_26' title='bbox 581 755 726 830; x_wconf 90' lang='lat' dir='ltr'><strong>illo,</strong></span> <span class='ocrx_word' id='word_1_27' title='bbox 775 772 981 834; x_wconf 91' lang='lat' dir='ltr'><strong>quem</strong></span> <span class='ocrx_word' id='word_1_28' title='bbox 1027 753 1210 817; x_wconf 83' lang='lat' dir='ltr'><strong>infra</strong></span> <span class='ocrx_word' id='word_1_29' title='bbox 1256 754 1549 817; x_wconf 82' lang='lat' dir='ltr'><strong>laudavi.</strong></span> 
     </span>
    </p>

    <p class='ocr_par' dir='ltr' id='par_1_3' title="bbox 356 856 3081 2407">
     <span class='ocr_line' id='line_1_5' title="bbox 562 856 3073 940; baseline -0.001 -18"><span class='ocrx_word' id='word_1_30' title='bbox 562 861 809 940; x_wconf 87' lang='lat' dir='ltr'><strong>Itaque</strong></span> <span class='ocrx_word' id='word_1_31' title='bbox 863 859 1030 921; x_wconf 89' lang='lat' dir='ltr'><strong>haec</strong></span> <span class='ocrx_word' id='word_1_32' title='bbox 1089 857 1300 920; x_wconf 85' lang='lat' dir='ltr'><strong>verba</strong></span> <span class='ocrx_word' id='word_1_33' title='bbox 1357 856 1635 934; x_wconf 84' lang='lat' dir='ltr'><strong>Graeca,</strong></span> <span class='ocrx_word' id='word_1_34' title='bbox 1685 856 1940 938; x_wconf 91' lang='lat' dir='ltr'><strong>quibus</strong></span> <span class='ocrx_word' id='word_1_35' title='bbox 1996 863 2241 920; x_wconf 77' lang='lat' dir='ltr'>auctor</span> <span class='ocrx_word' id='word_1_36' title='bbox 2288 857 2378 921; x_wconf 88' lang='lat' dir='ltr'><strong>ad</strong></span> <span class='ocrx_word' id='word_1_37' title='bbox 2424 856 2854 921; x_wconf 85' lang='lat' dir='ltr'><strong>Herennium</strong></span> <span class='ocrx_word' id='word_1_38' title='bbox 2902 874 3073 921; x_wconf 84' lang='lat' dir='ltr'><strong>usus</strong></span> 
     </span>
     <span class='ocr_line' id='line_1_6' title="bbox 356 957 3073 1046; baseline -0.002 -18"><span class='ocrx_word' id='word_1_39' title='bbox 356 971 480 1041; x_wconf 80' lang='lat' dir='ltr'><strong>est,</strong></span> <span class='ocrx_word' id='word_1_40' title='bbox 511 981 596 1028; x_wconf 81' lang='lat' dir='ltr'><strong>ex</strong></span> <span class='ocrx_word' id='word_1_41' title='bbox 619 964 1092 1044; x_wconf 77' lang='lat' dir='ltr'><strong>disputatione</strong></span> <span class='ocrx_word' id='word_1_42' title='bbox 1113 961 1604 1026; x_wconf 75' lang='lat' dir='ltr'><strong>excludantur:</strong></span> <span class='ocrx_word' id='word_1_43' title='bbox 1640 957 2077 1038; x_wconf 76' lang='lat' dir='ltr'><strong>architectari,</strong></span> <span class='ocrx_word' id='word_1_44' title='bbox 2102 957 2491 1040; x_wconf 73' lang='lat' dir='ltr'><strong>bracchium,</strong></span> <span class='ocrx_word' id='word_1_45' title='bbox 2520 960 2762 1036; x_wconf 75' lang='lat' dir='ltr'><strong>charta,</strong></span> <span class='ocrx_word' id='word_1_46' title='bbox 2784 958 3073 1046; x_wconf 76' lang='lat' dir='ltr'><strong><em>chlamys,</em></strong></span> 
     </span>
     <span class='ocr_line' id='line_1_7' title="bbox 361 1061 3075 1150; baseline -0.002 -18"><span class='ocrx_word' id='word_1_47' title='bbox 361 1089 521 1150; x_wconf 80' lang='lat' dir='ltr'><strong>cera,</strong></span> <span class='ocrx_word' id='word_1_48' title='bbox 584 1067 853 1148; x_wconf 76' lang='lat' dir='ltr'><strong>cithara,</strong></span> <span class='ocrx_word' id='word_1_49' title='bbox 919 1063 1335 1136; x_wconf 78' lang='lat' dir='ltr'><strong>citharoedus,</strong></span> <span class='ocrx_word' id='word_1_50' title='bbox 1405 1061 1679 1142; x_wconf 74' lang='lat' dir='ltr'><strong>cochlea,</strong></span> <span class='ocrx_word' id='word_1_51' title='bbox 1738 1063 2127 1150; x_wconf 68' lang='lat' dir='ltr'><strong>choragium,</strong></span> <span class='ocrx_word' id='word_1_52' title='bbox 2182 1065 2363 1141; x_wconf 82' lang='lat' dir='ltr'><strong>cista,</strong></span> <span class='ocrx_word' id='word_1_53' title='bbox 2412 1063 2810 1142; x_wconf 74' lang='lat' dir='ltr'><strong>dialecticus,</strong></span> <span class='ocrx_word' id='word_1_54' title='bbox 2857 1063 3075 1146; x_wconf 68' lang='lat' dir='ltr'><strong>cirac-0,</strong></span> 
     </span>
     <span class='ocr_line' id='line_1_8' title="bbox 357 1166 3074 1258; baseline -0.001 -22"><span class='ocrx_word' id='word_1_55' title='bbox 357 1172 644 1252; x_wconf 73' lang='lat' dir='ltr'><strong>historia,</strong></span> <span class='ocrx_word' id='word_1_56' title='bbox 692 1171 806 1250; x_wconf 71' lang='lat' dir='ltr'><strong>leo,</strong></span> <span class='ocrx_word' id='word_1_57' title='bbox 852 1171 1241 1249; x_wconf 80' lang='lat' dir='ltr'><strong>machinari,</strong></span> <span class='ocrx_word' id='word_1_58' title='bbox 1269 1167 1692 1257; x_wconf 69' lang='lat' dir='ltr'><strong>paedayoyus,</strong></span> <span class='ocrx_word' id='word_1_59' title='bbox 1737 1166 1979 1256; x_wconf 83' lang='lat' dir='ltr'><strong>palma,</strong></span> <span class='ocrx_word' id='word_1_60' title='bbox 2007 1167 2437 1255; x_wconf 78' lang='lat' dir='ltr'><strong>philosophia,</strong></span> <span class='ocrx_word' id='word_1_61' title='bbox 2466 1167 2893 1256; x_wconf 74' lang='lat' dir='ltr'><strong>philosophus,</strong></span> <span class='ocrx_word' id='word_1_62' title='bbox 2924 1191 3074 1258; x_wconf 82' lang='lat' dir='ltr'><strong>pro·</strong></span> 
     </span>
     <span class='ocr_line' id='line_1_9' title="bbox 359 1271 3075 1361; baseline -0.001 -21"><span class='ocrx_word' id='word_1_63' title='bbox 359 1277 640 1360; x_wconf 84' lang='lat' dir='ltr'><strong>oemium,</strong></span> <span class='ocrx_word' id='word_1_64' title='bbox 714 1295 1041 1360; x_wconf 75' lang='lat' dir='ltr'><strong>purpura,</strong></span> <span class='ocrx_word' id='word_1_65' title='bbox 1110 1296 1508 1361; x_wconf 76' lang='lat' dir='ltr'><strong>purpureus,</strong></span> <span class='ocrx_word' id='word_1_66' title='bbox 1585 1271 1819 1354; x_wconf 74' lang='lat' dir='ltr'><strong>rhetor,</strong></span> <span class='ocrx_word' id='word_1_67' title='bbox 1884 1273 2253 1353; x_wconf 77' lang='lat' dir='ltr'><strong>rhetoricus,</strong></span> <span class='ocrx_word' id='word_1_68' title='bbox 2320 1295 2573 1352; x_wconf 84' lang='lat' dir='ltr'><strong>scaena,</strong></span> <span class='ocrx_word' id='word_1_69' title='bbox 2647 1273 2905 1360; x_wconf 74' lang='lat' dir='ltr'><strong>scapha,</strong></span> <span class='ocrx_word' id='word_1_70' title='bbox 2980 1295 3075 1358; x_wconf 78' lang='lat' dir='ltr'><strong>sy-</strong></span> 
     </span>
     <span class='ocr_line' id='line_1_10' title="bbox 360 1377 3075 1466; baseline -0.002 -19"><span class='ocrx_word' id='word_1_71' title='bbox 360 1382 523 1463; x_wconf 79' lang='lat' dir='ltr'><strong>laba,</strong></span> <span class='ocrx_word' id='word_1_72' title='bbox 556 1381 906 1459; x_wconf 77' lang='lat' dir='ltr'><strong>thesaurus,</strong></span> <span class='ocrx_word' id='word_1_73' title='bbox 937 1382 1236 1465; x_wconf 75' lang='lat' dir='ltr'><strong>traqicus,</strong></span> <span class='ocrx_word' id='word_1_74' title='bbox 1270 1379 1622 1466; x_wconf 65' lang='lat' dir='ltr'><strong>tragoedia,</strong></span> <span class='ocrx_word' id='word_1_75' title='bbox 1658 1379 2035 1456; x_wconf 77' lang='lat' dir='ltr'><strong>triclinium,</strong></span> <span class='ocrx_word' id='word_1_76' title='bbox 2068 1377 2450 1465; x_wconf 77' lang='lat' dir='ltr'><strong>triumphas,</strong></span> <span class='ocrx_word' id='word_1_77' title='bbox 2485 1388 2829 1463; x_wconf 79' lang='lat' dir='ltr'><strong>tropaeum,</strong></span> <span class='ocrx_word' id='word_1_78' title='bbox 2862 1387 3075 1464; x_wconf 76' lang='lat' dir='ltr'><strong>tyran·</strong></span> 
     </span>
     <span class='ocr_line' id='line_1_11' title="bbox 361 1481 3081 1572; baseline -0.003 -19"><span class='ocrx_word' id='word_1_79' title='bbox 361 1491 567 1567; x_wconf 77' lang='lat' dir='ltr'><strong>nicus,</strong></span> <span class='ocrx_word' id='word_1_80' title='bbox 653 1496 984 1572; x_wconf 81' lang='lat' dir='ltr'><strong>tyrannus.</strong></span> <span class='ocrx_word' id='word_1_81' title='bbox 1051 1487 1180 1552; x_wconf 82' lang='lat' dir='ltr'><strong>His</strong></span> <span class='ocrx_word' id='word_1_82' title='bbox 1247 1487 1607 1551; x_wconf 86' lang='lat' dir='ltr'><strong>adicienda</strong></span> <span class='ocrx_word' id='word_1_83' title='bbox 1681 1494 1875 1550; x_wconf 85' lang='lat' dir='ltr'><strong>sunt:</strong></span> <span class='ocrx_word' id='word_1_84' title='bbox 1942 1483 2331 1570; x_wconf 74' lang='lat' dir='ltr'><em>amphibolia</em></span> <span class='ocrx_word' id='word_1_85' title='bbox 2397 1485 2509 1565; x_wconf 90' lang='grc' dir='ltr'><strong>(ΙΙ,</strong></span> <span class='ocrx_word' id='word_1_86' title='bbox 2580 1487 2715 1566; x_wconf 87' lang='grc'>11);</span> <span class='ocrx_word' id='word_1_87' title='bbox 2778 1481 3081 1570; x_wconf 65' lang='lat' dir='ltr'><strong>apologus</strong></span> 
     </span>
     <span class='ocr_line' id='line_1_12' title="bbox 361 1587 3079 1676; baseline -0.003 -17"><span class='ocrx_word' id='word_1_88' title='bbox 361 1597 420 1674; x_wconf 91' lang='grc' dir='ltr'><strong>(Ι</strong></span> <span class='ocrx_word' id='word_1_89' title='bbox 457 1604 513 1670; x_wconf 90' lang='grc'><strong>6,</strong></span> <span class='ocrx_word' id='word_1_90' title='bbox 567 1594 675 1672; x_wconf 91' lang='grc'><strong>10)</strong></span> <span class='ocrx_word' id='word_1_91' title='bbox 722 1591 1158 1654; x_wconf 76' lang='lat' dir='ltr'><strong>barbarismus</strong></span> <span class='ocrx_word' id='word_1_92' title='bbox 1206 1591 1327 1672; x_wconf 84' lang='lat' dir='ltr'><strong>(IV</strong></span> <span class='ocrx_word' id='word_1_93' title='bbox 1363 1598 1461 1668; x_wconf 83' lang='grc'><strong>12,</strong></span> <span class='ocrx_word' id='word_1_94' title='bbox 1513 1591 1653 1670; x_wconf 86' lang='grc'><strong>17);</strong></span> <span class='ocrx_word' id='word_1_95' title='bbox 1702 1589 2100 1674; x_wconf 77' lang='lat' dir='ltr'><em>epicherema</em></span> <span class='ocrx_word' id='word_1_96' title='bbox 2150 1591 2247 1670; x_wconf 93' lang='grc' dir='ltr'><strong>(ΙΙ</strong></span> <span class='ocrx_word' id='word_1_97' title='bbox 2296 1597 2351 1670; x_wconf 85' lang='grc'><strong>2,</strong></span> <span class='ocrx_word' id='word_1_98' title='bbox 2402 1593 2495 1670; x_wconf 82' lang='grc'><strong>2);</strong></span> <span class='ocrx_word' id='word_1_99' title='bbox 2526 1587 2813 1676; x_wconf 65' lang='lat' dir='ltr'><strong>epilogus</strong></span> <span class='ocrx_word' id='word_1_100' title='bbox 2848 1590 2943 1669; x_wconf 91' lang='grc' dir='ltr'><strong>(ΙΙ</strong></span> <span class='ocrx_word' id='word_1_101' title='bbox 2980 1597 3079 1664; x_wconf 87' lang='grc'><strong>30,</strong></span> 
     </span>
     <span class='ocr_line' id='line_1_13' title="bbox 364 1691 3078 1784; baseline -0.001 -21"><span class='ocrx_word' id='word_1_102' title='bbox 364 1704 506 1780; x_wconf 84' lang='grc'><strong>47);</strong></span> <span class='ocrx_word' id='word_1_103' title='bbox 571 1694 808 1784; x_wconf 84' lang='lat' dir='ltr'><strong>epodos</strong></span> <span class='ocrx_word' id='word_1_104' title='bbox 878 1699 937 1776; x_wconf 94' lang='lat' dir='ltr'><strong>(I</strong></span> <span class='ocrx_word' id='word_1_105' title='bbox 985 1703 1043 1773; x_wconf 80' lang='lat'><strong>4,</strong></span> <span class='ocrx_word' id='word_1_106' title='bbox 1093 1697 1191 1776; x_wconf 82' lang='grc'><strong>6);</strong></span> <span class='ocrx_word' id='word_1_107' title='bbox 1241 1691 1644 1760; x_wconf 80' lang='lat' dir='ltr'><strong>soloecismus</strong></span> <span class='ocrx_word' id='word_1_108' title='bbox 1709 1695 1830 1776; x_wconf 92' lang='lat' dir='ltr'><strong>(IV</strong></span> <span class='ocrx_word' id='word_1_109' title='bbox 1902 1701 1997 1773; x_wconf 81' lang='lat'><strong>12,</strong></span> <span class='ocrx_word' id='word_1_110' title='bbox 2064 1693 2189 1780; x_wconf 85' lang='lat'><strong>17),</strong></span> <span class='ocrx_word' id='word_1_111' title='bbox 2258 1714 2434 1777; x_wconf 90' lang='lat' dir='ltr'><strong>quae</strong></span> <span class='ocrx_word' id='word_1_112' title='bbox 2484 1697 2731 1770; x_wconf 86' lang='lat' dir='ltr'><strong>omnia,</strong></span> <span class='ocrx_word' id='word_1_113' title='bbox 2788 1713 2945 1759; x_wconf 90' lang='lat' dir='ltr'><strong>cum</strong></span> <span class='ocrx_word' id='word_1_114' title='bbox 2994 1695 3078 1759; x_wconf 87' lang='lat' dir='ltr'><strong>ad</strong></span> 
     </span>
     <span class='ocr_line' id='line_1_14' title="bbox 359 1801 3077 1882; baseline -0.003 -12"><span class='ocrx_word' id='word_1_115' title='bbox 359 1812 578 1870; x_wconf 87' lang='lat' dir='ltr'><strong>artem</strong></span> <span class='ocrx_word' id='word_1_116' title='bbox 625 1805 1041 1867; x_wconf 81' lang='lat' dir='ltr'><strong>rhetoricam</strong></span> <span class='ocrx_word' id='word_1_117' title='bbox 1087 1802 1502 1882; x_wconf 86' lang='lat' dir='ltr'><strong>pertineant,</strong></span> <span class='ocrx_word' id='word_1_118' title='bbox 1549 1807 1748 1865; x_wconf 88' lang='lat' dir='ltr'><strong>antea</strong></span> <span class='ocrx_word' id='word_1_119' title='bbox 1800 1801 2107 1865; x_wconf 89' lang='lat' dir='ltr'><strong>adhibita</strong></span> <span class='ocrx_word' id='word_1_120' title='bbox 2154 1819 2307 1865; x_wconf 89' lang='lat' dir='ltr'><strong>esse</strong></span> <span class='ocrx_word' id='word_1_121' title='bbox 2353 1801 2594 1864; x_wconf 89' lang='lat' dir='ltr'><strong>mirari</strong></span> <span class='ocrx_word' id='word_1_122' title='bbox 2642 1819 2781 1863; x_wconf 90' lang='lat' dir='ltr'><strong>non</strong></span> <span class='ocrx_word' id='word_1_123' title='bbox 2828 1803 3077 1880; x_wconf 89' lang='lat' dir='ltr'><strong>possu-</strong></span> 
     </span>
     <span class='ocr_line' id='line_1_15' title="bbox 365 1905 3078 1986; baseline -0.001 -14"><span class='ocrx_word' id='word_1_124' title='bbox 365 1927 536 1975; x_wconf 84' lang='lat' dir='ltr'><strong>mus.</strong></span> <span class='ocrx_word' id='word_1_125' title='bbox 583 1910 824 1972; x_wconf 80' lang='lat' dir='ltr'><em>Restat</em></span> <span class='ocrx_word' id='word_1_126' title='bbox 869 1925 1086 1970; x_wconf 88' lang='lat' dir='ltr'><strong>unum</strong></span> <span class='ocrx_word' id='word_1_127' title='bbox 1133 1905 1472 1970; x_wconf 87' lang='lat' dir='ltr'><strong>Graecum</strong></span> <span class='ocrx_word' id='word_1_128' title='bbox 1520 1906 1814 1969; x_wconf 85' lang='lat' dir='ltr'><strong>verbum</strong></span> <span class='ocrx_word' id='word_1_129' title='bbox 1861 1906 2075 1967; x_wconf 71' lang='lat' dir='ltr'><strong>sao-isa</strong></span> <span class='ocrx_word' id='word_1_130' title='bbox 2123 1907 2243 1986; x_wconf 92' lang='lat' dir='ltr'><strong>(IV</strong></span> <span class='ocrx_word' id='word_1_131' title='bbox 2280 1911 2378 1985; x_wconf 76' lang='lat'><strong>32,</strong></span> <span class='ocrx_word' id='word_1_132' title='bbox 2414 1907 2540 1986; x_wconf 82' lang='lat'><strong>43).</strong></span> <span class='ocrx_word' id='word_1_133' title='bbox 2604 1905 2741 1968; x_wconf 90' lang='lat' dir='ltr'><strong>Sed</strong></span> <span class='ocrx_word' id='word_1_134' title='bbox 2773 1911 3078 1986; x_wconf 88' lang='lat' dir='ltr'><strong>praeter-</strong></span> 
     </span>
     <span class='ocr_line' id='line_1_16' title="bbox 363 2010 3079 2096; baseline -0.001 -20"><span class='ocrx_word' id='word_1_135' title='bbox 363 2033 570 2096; x_wconf 82' lang='lat' dir='ltr'><strong>quam</strong></span> <span class='ocrx_word' id='word_1_136' title='bbox 604 2014 794 2095; x_wconf 92' lang='lat' dir='ltr'><strong>quod</strong></span> <span class='ocrx_word' id='word_1_137' title='bbox 825 2030 910 2077; x_wconf 87' lang='lat' dir='ltr'><strong>ex</strong></span> <span class='ocrx_word' id='word_1_138' title='bbox 944 2012 1077 2076; x_wconf 90' lang='lat' dir='ltr'><strong>hoc</strong></span> <span class='ocrx_word' id='word_1_139' title='bbox 1110 2031 1250 2076; x_wconf 92' lang='lat' dir='ltr'><strong>uno</strong></span> <span class='ocrx_word' id='word_1_140' title='bbox 1283 2010 1502 2075; x_wconf 84' lang='lat' dir='ltr'><strong>verbo</strong></span> <span class='ocrx_word' id='word_1_141' title='bbox 1525 2011 1796 2075; x_wconf 87' lang='lat' dir='ltr'><strong>Graeco</strong></span> <span class='ocrx_word' id='word_1_142' title='bbox 1831 2016 2183 2075; x_wconf 81' lang='lat' dir='ltr'><strong>auctorem</strong></span> <span class='ocrx_word' id='word_1_143' title='bbox 2218 2011 2304 2074; x_wconf 87' lang='lat' dir='ltr'><strong>ad</strong></span> <span class='ocrx_word' id='word_1_144' title='bbox 2336 2013 2762 2075; x_wconf 86' lang='lat' dir='ltr'><strong>Herennium</strong></span> <span class='ocrx_word' id='word_1_145' title='bbox 2795 2013 3079 2090; x_wconf 88' lang='lat' dir='ltr'><strong>eiusque</strong></span> 
     </span>
     <span class='ocr_line' id='line_1_17' title="bbox 361 2115 3079 2199; baseline -0.003 -16"><span class='ocrx_word' id='word_1_146' title='bbox 361 2121 773 2199; x_wconf 85' lang='lat' dir='ltr'><strong>magistrum</strong></span> <span class='ocrx_word' id='word_1_147' title='bbox 805 2118 1111 2181; x_wconf 80' lang='lat' dir='ltr'><strong>Graecae</strong></span> <span class='ocrx_word' id='word_1_148' title='bbox 1144 2119 1420 2197; x_wconf 87' lang='lat' dir='ltr'><strong>linguae</strong></span> <span class='ocrx_word' id='word_1_149' title='bbox 1451 2117 1770 2181; x_wconf 89' lang='lat' dir='ltr'><strong>inimicos</strong></span> <span class='ocrx_word' id='word_1_150' title='bbox 1820 2137 1959 2180; x_wconf 91' lang='lat' dir='ltr'><strong>non</strong></span> <span class='ocrx_word' id='word_1_151' title='bbox 2007 2115 2227 2179; x_wconf 85' lang='lat' dir='ltr'><strong>fuisse</strong></span> <span class='ocrx_word' id='word_1_152' title='bbox 2276 2116 2595 2180; x_wconf 90' lang='lat' dir='ltr'><strong>concludi</strong></span> <span class='ocrx_word' id='word_1_153' title='bbox 2641 2133 2786 2179; x_wconf 91' lang='lat' dir='ltr'><strong>non</strong></span> <span class='ocrx_word' id='word_1_154' title='bbox 2828 2121 3079 2195; x_wconf 88' lang='lat' dir='ltr'><strong>potest,</strong></span> 
     </span>
     <span class='ocr_line' id='line_1_18' title="bbox 362 2221 3071 2302; baseline -0.003 -16"><span class='ocrx_word' id='word_1_155' title='bbox 362 2224 496 2289; x_wconf 90' lang='lat' dir='ltr'><strong>hoc</strong></span> <span class='ocrx_word' id='word_1_156' title='bbox 541 2224 698 2286; x_wconf 93' lang='lat' dir='ltr'><strong>loco</strong></span> <span class='ocrx_word' id='word_1_157' title='bbox 763 2223 824 2284; x_wconf 90' lang='lat' dir='ltr'><strong>si</strong></span> <span class='ocrx_word' id='word_1_158' title='bbox 869 2240 1010 2285; x_wconf 84' lang='lat' dir='ltr'><strong>vox</strong></span> <span class='ocrx_word' id='word_1_159' title='bbox 1058 2222 1446 2302; x_wconf 83' lang='lat' dir='ltr'><strong>peregrina,</strong></span> <span class='ocrx_word' id='word_1_160' title='bbox 1500 2239 1676 2302; x_wconf 89' lang='lat' dir='ltr'><strong>quae</strong></span> <span class='ocrx_word' id='word_1_161' title='bbox 1725 2222 1911 2302; x_wconf 85' lang='lat' dir='ltr'><strong>apud</strong></span> <span class='ocrx_word' id='word_1_162' title='bbox 1958 2221 2303 2285; x_wconf 81' lang='lat' dir='ltr'><strong>Lucilium</strong></span> <span class='ocrx_word' id='word_1_163' title='bbox 2353 2239 2633 2300; x_wconf 90' lang='lat' dir='ltr'><strong>quoque</strong></span> <span class='ocrx_word' id='word_1_164' title='bbox 2682 2225 2910 2285; x_wconf 85' lang='lat' dir='ltr'><strong>exstat</strong></span> <span class='ocrx_word' id='word_1_165' title='bbox 2958 2226 3071 2282; x_wconf 85' lang='lat'><strong>191</strong></span> 
     </span>
     <span class='ocr_line' id='line_1_19' title="bbox 365 2326 1013 2407; baseline -0.012 -15"><span class='ocrx_word' id='word_1_166' title='bbox 365 2330 476 2407; x_wconf 88' lang='lat' dir='ltr'><strong>(L;</strong></span> <span class='ocrx_word' id='word_1_167' title='bbox 514 2328 721 2407; x_wconf 75' lang='lat' dir='ltr'><strong>Vfrg.</strong></span> <span class='ocrx_word' id='word_1_168' title='bbox 771 2332 848 2389; x_wconf 84' lang='lat'><strong>26</strong></span> <span class='ocrx_word' id='word_1_169' title='bbox 899 2326 1013 2404; x_wconf 89' lang='lat' dir='ltr'><strong>M.)</strong></span> 
     </span>
    </p>
   </div>
   <div class='ocr_carea' id='block_1_3' title="bbox 991 2443 2453 2533">
    <p class='ocr_par' dir='ltr' id='par_1_4' title="bbox 991 2443 2453 2533">
     <span class='ocr_line' id='line_1_20' title="bbox 991 2443 2453 2533; baseline 0.001 -26"><span class='ocrx_word' id='word_1_170' title='bbox 991 2443 1296 2509; x_wconf 83' lang='lat' dir='ltr'><strong>custodem</strong></span> <span class='ocrx_word' id='word_1_171' title='bbox 1347 2445 1568 2509; x_wconf 83' lang='lat' dir='ltr'><strong>classis</strong></span> <span class='ocrx_word' id='word_1_172' title='bbox 1615 2445 1978 2531; x_wconf 78' lang='lat' dir='ltr'><strong>catapultas</strong></span> <span class='ocrx_word' id='word_1_173' title='bbox 2022 2445 2165 2533; x_wconf 84' lang='lat' dir='ltr'><strong>pila</strong></span> <span class='ocrx_word' id='word_1_174' title='bbox 2209 2447 2453 2510; x_wconf 79' lang='lat' dir='ltr'><strong>sarisas</strong></span> 
     </span>
    </p>
   </div>
   <div class='ocr_carea' id='block_1_4' title="bbox 357 2569 3086 3911">
    <p class='ocr_par' dir='ltr' id='par_1_5' title="bbox 357 2569 3086 3911">
     <span class='ocr_line' id='line_1_21' title="bbox 365 2569 3079 2652; baseline -0.001 -17"><span class='ocrx_word' id='word_1_175' title='bbox 365 2571 679 2635; x_wconf 87' lang='lat' dir='ltr'><strong>adhibita</strong></span> <span class='ocrx_word' id='word_1_176' title='bbox 738 2589 878 2634; x_wconf 93' lang='lat' dir='ltr'><strong>non</strong></span> <span class='ocrx_word' id='word_1_177' title='bbox 925 2576 1130 2647; x_wconf 88' lang='lat' dir='ltr'><strong>esset,</strong></span> <span class='ocrx_word' id='word_1_178' title='bbox 1179 2569 1496 2634; x_wconf 82' lang='lat' dir='ltr'><strong>futurum</strong></span> <span class='ocrx_word' id='word_1_179' title='bbox 1545 2572 1777 2649; x_wconf 79' lang='lat' dir='ltr'><strong>tuisse,</strong></span> <span class='ocrx_word' id='word_1_180' title='bbox 1826 2578 1903 2634; x_wconf 88' lang='lat' dir='ltr'><strong>ut</strong></span> <span class='ocrx_word' id='word_1_181' title='bbox 1950 2571 2346 2652; x_wconf 84' lang='lat' dir='ltr'><strong>exemplum</strong></span> <span class='ocrx_word' id='word_1_182' title='bbox 2379 2591 2416 2634; x_wconf 87' lang='lat' dir='ltr'><strong>a</strong></span> <span class='ocrx_word' id='word_1_183' title='bbox 2464 2573 2809 2652; x_wconf 82' lang='lat' dir='ltr'><strong>scriptore</strong></span> <span class='ocrx_word' id='word_1_184' title='bbox 2855 2571 3079 2650; x_wconf 87' lang='lat' dir='ltr'><strong>prola·</strong></span> 
     </span>
     <span class='ocr_line' id='line_1_22' title="bbox 362 2675 3083 2757; baseline -0 -17"><span class='ocrx_word' id='word_1_185' title='bbox 362 2683 510 2740; x_wconf 93' lang='lat' dir='ltr'><strong>tum</strong></span> <span class='ocrx_word' id='word_1_186' title='bbox 559 2676 909 2739; x_wconf 87' lang='lat' dir='ltr'><strong>sententia</strong></span> <span class='ocrx_word' id='word_1_187' title='bbox 974 2693 1098 2738; x_wconf 90' lang='lat' dir='ltr'><strong>sua</strong></span> <span class='ocrx_word' id='word_1_188' title='bbox 1163 2681 1454 2754; x_wconf 88' lang='lat' dir='ltr'><strong>careret,</strong></span> <span class='ocrx_word' id='word_1_189' title='bbox 1517 2694 1722 2740; x_wconf 89' lang='lat' dir='ltr'><strong>nemo</strong></span> <span class='ocrx_word' id='word_1_190' title='bbox 1787 2683 2015 2756; x_wconf 89' lang='lat' dir='ltr'><strong>neget,</strong></span> <span class='ocrx_word' id='word_1_191' title='bbox 2080 2678 2201 2757; x_wconf 90' lang='lat' dir='ltr'><strong>qui</strong></span> <span class='ocrx_word' id='word_1_192' title='bbox 2262 2675 2481 2740; x_wconf 88' lang='lat' dir='ltr'><strong>verbo</strong></span> <span class='ocrx_word' id='word_1_193' title='bbox 2545 2675 2757 2736; x_wconf 76' lang='lat' dir='ltr'><strong>sarisa</strong></span> <span class='ocrx_word' id='word_1_194' title='bbox 2812 2675 3083 2738; x_wconf 84' lang='lat' dir='ltr'><strong>hastam</strong></span> 
     </span>
     <span class='ocr_line' id='line_1_23' title="bbox 361 2779 3086 2862; baseline -0.001 -17"><span class='ocrx_word' id='word_1_195' title='bbox 361 2782 823 2847; x_wconf 87' lang='lat' dir='ltr'><strong>Macedonum</strong></span> <span class='ocrx_word' id='word_1_196' title='bbox 869 2780 1339 2861; x_wconf 84' lang='lat' dir='ltr'><strong>significatam</strong></span> <span class='ocrx_word' id='word_1_197' title='bbox 1387 2797 1538 2844; x_wconf 89' lang='lat' dir='ltr'><strong>esse</strong></span> <span class='ocrx_word' id='word_1_198' title='bbox 1585 2799 1821 2844; x_wconf 87' lang='lat' dir='ltr'><strong>secum</strong></span> <span class='ocrx_word' id='word_1_199' title='bbox 1866 2783 2332 2862; x_wconf 83' lang='lat' dir='ltr'><strong>reputaverit3</strong></span> <span class='ocrx_word' id='word_1_200' title='bbox 2382 2780 2553 2845; x_wconf 90' lang='lat' dir='ltr'><strong>dicit</strong></span> <span class='ocrx_word' id='word_1_201' title='bbox 2599 2781 2783 2843; x_wconf 91' lang='lat' dir='ltr'><strong>enim</strong></span> <span class='ocrx_word' id='word_1_202' title='bbox 2836 2779 2929 2842; x_wconf 92' lang='lat' dir='ltr'><strong>IV</strong></span> <span class='ocrx_word' id='word_1_203' title='bbox 2980 2785 3086 2858; x_wconf 81' lang='lat'><strong>32,</strong></span> 
     </span>
     <span class='ocr_line' id='line_1_24' title="bbox 367 2882 3083 2970; baseline -0 -23"><span class='ocrx_word' id='word_1_204' title='bbox 367 2893 446 2948; x_wconf 82' lang='lat'><strong>43</strong></span> <span class='ocrx_word' id='word_1_205' title='bbox 497 2883 952 2947; x_wconf 82' lang='lat' dir='ltr'><strong>Denominatio</strong></span> <span class='ocrx_word' id='word_1_206' title='bbox 997 2891 1106 2965; x_wconf 83' lang='lat' dir='ltr'><strong>est,</strong></span> <span class='ocrx_word' id='word_1_207' title='bbox 1139 2905 1297 2968; x_wconf 82' lang='lat' dir='ltr'><strong>quae</strong></span> <span class='ocrx_word' id='word_1_208' title='bbox 1328 2906 1372 2946; x_wconf 90' lang='lat' dir='ltr'><strong>a</strong></span> <span class='ocrx_word' id='word_1_209' title='bbox 1402 2882 1583 2947; x_wconf 80' lang='lat' dir='ltr'><strong>rebus</strong></span> <span class='ocrx_word' id='word_1_210' title='bbox 1621 2885 2003 2970; x_wconf 69' lang='lat' dir='ltr'><strong>propinquis</strong></span> <span class='ocrx_word' id='word_1_211' title='bbox 2033 2894 2089 2947; x_wconf 82' lang='lat' dir='ltr'><strong>et</strong></span> <span class='ocrx_word' id='word_1_212' title='bbox 2117 2884 2427 2966; x_wconf 77' lang='lat' dir='ltr'><strong>finitimis</strong></span> <span class='ocrx_word' id='word_1_213' title='bbox 2472 2884 2672 2946; x_wconf 80' lang='lat' dir='ltr'><strong>trahit</strong></span> <span class='ocrx_word' id='word_1_214' title='bbox 2717 2884 3083 2946; x_wconf 78' lang='lat' dir='ltr'><strong>orationem,</strong></span> 
     </span>
     <span class='ocr_line' id='line_1_25' title="bbox 363 2984 3083 3076; baseline -0 -26"><span class='ocrx_word' id='word_1_215' title='bbox 363 3012 500 3076; x_wconf 78' lang='lat' dir='ltr'><strong>qua</strong></span> <span class='ocrx_word' id='word_1_216' title='bbox 542 2991 740 3074; x_wconf 80' lang='lat' dir='ltr'><strong>possit</strong></span> <span class='ocrx_word' id='word_1_217' title='bbox 781 2987 1068 3074; x_wconf 73' lang='lat' dir='ltr'><strong>intelleyi</strong></span> <span class='ocrx_word' id='word_1_218' title='bbox 1107 3010 1228 3070; x_wconf 83' lang='lat' dir='ltr'><strong>res,</strong></span> <span class='ocrx_word' id='word_1_219' title='bbox 1264 3011 1426 3076; x_wconf 80' lang='lat' dir='ltr'><strong>qaae</strong></span> <span class='ocrx_word' id='word_1_220' title='bbox 1472 3010 1596 3052; x_wconf 83' lang='lat' dir='ltr'><strong>non</strong></span> <span class='ocrx_word' id='word_1_221' title='bbox 1641 3011 1754 3052; x_wconf 80' lang='lat' dir='ltr'><strong>suo</strong></span> <span class='ocrx_word' id='word_1_222' title='bbox 1800 2987 2099 3053; x_wconf 77' lang='lat' dir='ltr'><strong>vocabalo</strong></span> <span class='ocrx_word' id='word_1_223' title='bbox 2146 2988 2228 3052; x_wconf 79' lang='lat' dir='ltr'><strong>sit</strong></span> <span class='ocrx_word' id='word_1_224' title='bbox 2272 2985 2617 3075; x_wconf 78' lang='lat' dir='ltr'><strong>appellata.</strong></span> <span class='ocrx_word' id='word_1_225' title='bbox 2665 2985 2749 3050; x_wconf 81' lang='lat' dir='ltr'><strong>Id</strong></span> <span class='ocrx_word' id='word_1_226' title='bbox 2792 2995 2905 3050; x_wconf 79' lang='lat' dir='ltr'><strong>aut</strong></span> <span class='ocrx_word' id='word_1_227' title='bbox 2951 2984 3083 3070; x_wconf 80' lang='lat' dir='ltr'><strong>(ab)</strong></span> 
     </span>
     <span class='ocr_line' id='line_1_26' title="bbox 363 3089 3082 3180; baseline -0.001 -24"><span class='ocrx_word' id='word_1_228' title='bbox 363 3094 744 3177; x_wconf 69' lang='lat' dir='ltr'><strong>inmutav-(e)</strong></span> <span class='ocrx_word' id='word_1_229' title='bbox 811 3092 1142 3178; x_wconf 77' lang='lat' dir='ltr'><strong>conficitur</strong></span> <span class='ocrx_word' id='word_1_230' title='bbox 1163 3141 1362 3159; x_wconf 92' lang='grc'><strong>......</strong></span> <span class='ocrx_word' id='word_1_231' title='bbox 1428 3103 1543 3158; x_wconf 76' lang='lat' dir='ltr'><strong>aut</strong></span> <span class='ocrx_word' id='word_1_232' title='bbox 1605 3095 2019 3159; x_wconf 75' lang='lat' dir='ltr'><strong>instrumento</strong></span> <span class='ocrx_word' id='word_1_233' title='bbox 2062 3091 2401 3172; x_wconf 79' lang='lat' dir='ltr'><strong>dominum,</strong></span> <span class='ocrx_word' id='word_1_234' title='bbox 2445 3101 2515 3155; x_wconf 78' lang='lat' dir='ltr'><strong>ut</strong></span> <span class='ocrx_word' id='word_1_235' title='bbox 2569 3094 2631 3154; x_wconf 85' lang='lat' dir='ltr'><strong>si</strong></span> <span class='ocrx_word' id='word_1_236' title='bbox 2675 3091 2819 3180; x_wconf 83' lang='lat' dir='ltr'><strong>quis</strong></span> <span class='ocrx_word' id='word_1_237' title='bbox 2866 3089 3082 3155; x_wconf 85' lang='lat' dir='ltr'><strong>Mace·</strong></span> 
     </span>
     <span class='ocr_line' id='line_1_27' title="bbox 362 3197 3081 3286; baseline -0.001 -23"><span class='ocrx_word' id='word_1_238' title='bbox 362 3197 555 3263; x_wconf 80' lang='lat' dir='ltr'><strong>dones</strong></span> <span class='ocrx_word' id='word_1_239' title='bbox 581 3197 932 3286; x_wconf 81' lang='lat' dir='ltr'><strong>appellarit</strong></span> <span class='ocrx_word' id='word_1_240' title='bbox 961 3199 1079 3263; x_wconf 78' lang='lat' dir='ltr'><strong>hoc</strong></span> <span class='ocrx_word' id='word_1_241' title='bbox 1121 3198 1300 3262; x_wconf 77' lang='lat' dir='ltr'><strong>modo</strong></span> <span class='ocrx_word' id='word_1_242' title='bbox 1351 3197 1542 3284; x_wconf 82' lang='lat' dir='ltr'><strong>„Non</strong></span> <span class='ocrx_word' id='word_1_243' title='bbox 1590 3209 1719 3262; x_wconf 80' lang='lat' dir='ltr'><strong>tam</strong></span> <span class='ocrx_word' id='word_1_244' title='bbox 1766 3202 1892 3264; x_wconf 84' lang='lat' dir='ltr'><strong>cito</strong></span> <span class='ocrx_word' id='word_1_245' title='bbox 1939 3198 2181 3264; x_wconf 81' lang='lat' dir='ltr'><strong>sarisae</strong></span> <span class='ocrx_word' id='word_1_246' title='bbox 2234 3197 2545 3263; x_wconf 79' lang='lat' dir='ltr'><strong>Graeciae</strong></span> <span class='ocrx_word' id='word_1_247' title='bbox 2590 3199 2824 3285; x_wconf 82' lang='lat' dir='ltr'><strong>potitae</strong></span> <span class='ocrx_word' id='word_1_248' title='bbox 2868 3201 3081 3260; x_wconf 77' lang='lat' dir='ltr'><strong>sunt”.</strong></span> 
     </span>
     <span class='ocr_line' id='line_1_28' title="bbox 366 3304 3081 3387; baseline -0.002 -16"><span class='ocrx_word' id='word_1_249' title='bbox 366 3308 593 3387; x_wconf 90' lang='lat' dir='ltr'><strong>Atque</strong></span> <span class='ocrx_word' id='word_1_250' title='bbox 659 3313 1013 3371; x_wconf 83' lang='lat' dir='ltr'><strong>auctorem</strong></span> <span class='ocrx_word' id='word_1_251' title='bbox 1070 3308 1158 3371; x_wconf 87' lang='lat' dir='ltr'><strong>ad</strong></span> <span class='ocrx_word' id='word_1_252' title='bbox 1204 3309 1631 3371; x_wconf 88' lang='lat' dir='ltr'><strong>Herennium</strong></span> <span class='ocrx_word' id='word_1_253' title='bbox 1679 3327 1757 3370; x_wconf 91' lang='lat' dir='ltr'><strong>re</strong></span> <span class='ocrx_word' id='word_1_254' title='bbox 1807 3325 1973 3372; x_wconf 86' lang='lat' dir='ltr'><strong>vera</strong></span> <span class='ocrx_word' id='word_1_255' title='bbox 2015 3307 2351 3371; x_wconf 88' lang='lat' dir='ltr'><strong>Graecam</strong></span> <span class='ocrx_word' id='word_1_256' title='bbox 2400 3307 2713 3386; x_wconf 84' lang='lat' dir='ltr'><strong>linguam</strong></span> <span class='ocrx_word' id='word_1_257' title='bbox 2760 3324 2846 3370; x_wconf 89' lang='lat' dir='ltr'><strong>ne</strong></span> <span class='ocrx_word' id='word_1_258' title='bbox 2894 3304 3081 3368; x_wconf 87' lang='lat' dir='ltr'><strong>adhi-</strong></span> 
     </span>
     <span class='ocr_line' id='line_1_29' title="bbox 363 3411 3083 3494; baseline -0.001 -19"><span class='ocrx_word' id='word_1_259' title='bbox 363 3414 581 3489; x_wconf 89' lang='lat' dir='ltr'><strong>beret,</strong></span> <span class='ocrx_word' id='word_1_260' title='bbox 633 3411 770 3474; x_wconf 89' lang='lat' dir='ltr'><strong>nisi</strong></span> <span class='ocrx_word' id='word_1_261' title='bbox 819 3413 1230 3476; x_wconf 81' lang='lat' dir='ltr'><strong>necessitate</strong></span> <span class='ocrx_word' id='word_1_262' title='bbox 1281 3419 1577 3491; x_wconf 78' lang='lat' dir='ltr'><strong>coactae,</strong></span> <span class='ocrx_word' id='word_1_263' title='bbox 1628 3431 1915 3494; x_wconf 89' lang='lat' dir='ltr'><strong>operam</strong></span> <span class='ocrx_word' id='word_1_264' title='bbox 1981 3412 2259 3475; x_wconf 87' lang='lat' dir='ltr'><strong>dedisse</strong></span> <span class='ocrx_word' id='word_1_265' title='bbox 2306 3412 2417 3475; x_wconf 84' lang='lat' dir='ltr'><strong>vel</strong></span> <span class='ocrx_word' id='word_1_266' title='bbox 2482 3412 2647 3474; x_wconf 92' lang='lat' dir='ltr'><strong>inde</strong></span> <span class='ocrx_word' id='word_1_267' title='bbox 2694 3411 3083 3490; x_wconf 83' lang='lat' dir='ltr'><strong>intellegaS,</strong></span> 
     </span>
     <span class='ocr_line' id='line_1_30' title="bbox 365 3511 3083 3600; baseline -0.003 -20"><span class='ocrx_word' id='word_1_268' title='bbox 365 3517 557 3598; x_wconf 88' lang='lat' dir='ltr'><strong>quod</strong></span> <span class='ocrx_word' id='word_1_269' title='bbox 601 3515 696 3580; x_wconf 89' lang='lat' dir='ltr'><strong>Iv</strong></span> <span class='ocrx_word' id='word_1_270' title='bbox 746 3523 846 3593; x_wconf 84' lang='lat'><strong>52,</strong></span> <span class='ocrx_word' id='word_1_271' title='bbox 896 3522 973 3578; x_wconf 87' lang='grc'><strong>65</strong></span> <span class='ocrx_word' id='word_1_272' title='bbox 1023 3517 1189 3580; x_wconf 86' lang='lat' dir='ltr'><strong>haec</strong></span> <span class='ocrx_word' id='word_1_273' title='bbox 1235 3517 1595 3596; x_wconf 86' lang='lat' dir='ltr'><strong>leguntur:</strong></span> <span class='ocrx_word' id='word_1_274' title='bbox 1652 3516 1824 3577; x_wconf 84' lang='lat' dir='ltr'><strong>venit</strong></span> <span class='ocrx_word' id='word_1_275' title='bbox 1868 3515 1985 3580; x_wconf 80' lang='lat' dir='ltr'><strong>iste</strong></span> <span class='ocrx_word' id='word_1_276' title='bbox 2034 3537 2172 3578; x_wconf 81' lang='lat' dir='ltr'><strong>cam</strong></span> <span class='ocrx_word' id='word_1_277' title='bbox 2218 3536 2387 3599; x_wconf 65' lang='lat' dir='ltr'><strong>saga,</strong></span> <span class='ocrx_word' id='word_1_278' title='bbox 2430 3511 2647 3600; x_wconf 76' lang='lat' dir='ltr'><strong>yladio</strong></span> <span class='ocrx_word' id='word_1_279' title='bbox 2701 3514 3083 3591; x_wconf 76' lang='lat' dir='ltr'><strong>succinctus,</strong></span> 
     </span>
     <span class='ocr_line' id='line_1_31' title="bbox 357 3617 3081 3702; baseline 0 -20"><span class='ocrx_word' id='word_1_280' title='bbox 357 3629 570 3684; x_wconf 78' lang='lat' dir='ltr'><strong>tenens</strong></span> <span class='ocrx_word' id='word_1_281' title='bbox 601 3617 913 3699; x_wconf 80' lang='lat' dir='ltr'><strong>iaculum,·</strong></span> <span class='ocrx_word' id='word_1_282' title='bbox 953 3617 1073 3682; x_wconf 91' lang='lat' dir='ltr'><strong>III</strong></span> <span class='ocrx_word' id='word_1_283' title='bbox 1095 3617 1524 3683; x_wconf 71' lang='lat' dir='ltr'><strong>adulescentes</strong></span> <span class='ocrx_word' id='word_1_284' title='bbox 1556 3619 1865 3682; x_wconf 72' lang='lat' dir='ltr'><strong>hantinem</strong></span> <span class='ocrx_word' id='word_1_285' title='bbox 1894 3617 2092 3684; x_wconf 78' lang='lat' dir='ltr'><strong>simili</strong></span> <span class='ocrx_word' id='word_1_286' title='bbox 2122 3629 2353 3682; x_wconf 81' lang='lat' dir='ltr'><strong>ornatu</strong></span> <span class='ocrx_word' id='word_1_287' title='bbox 2384 3618 2861 3702; x_wconf 71' lang='lat' dir='ltr'><strong>subsequantur.</strong></span> <span class='ocrx_word' id='word_1_288' title='bbox 2894 3621 3081 3692; x_wconf 88' lang='lat' dir='ltr'><strong>Quae</strong></span> 
     </span>
     <span class='ocr_line' id='line_1_32' title="bbox 360 3725 3084 3808; baseline -0.001 -20"><span class='ocrx_word' id='word_1_289' title='bbox 360 3727 581 3792; x_wconf 89' lang='lat' dir='ltr'><strong>verba</strong></span> <span class='ocrx_word' id='word_1_290' title='bbox 629 3745 715 3790; x_wconf 86' lang='lat' dir='ltr'><strong>ex</strong></span> <span class='ocrx_word' id='word_1_291' title='bbox 764 3727 1029 3792; x_wconf 86' lang='lat' dir='ltr'><strong>Graeca</strong></span> <span class='ocrx_word' id='word_1_292' title='bbox 1076 3728 1320 3806; x_wconf 89' lang='lat' dir='ltr'><strong>lingua</strong></span> <span class='ocrx_word' id='word_1_293' title='bbox 1368 3727 1712 3792; x_wconf 87' lang='lat' dir='ltr'><strong>translata</strong></span> <span class='ocrx_word' id='word_1_294' title='bbox 1746 3744 1898 3792; x_wconf 90' lang='lat' dir='ltr'><strong>esse</strong></span> <span class='ocrx_word' id='word_1_295' title='bbox 1916 3727 1965 3806; x_wconf 82' lang='grc'><strong>1)</strong></span> <span class='ocrx_word' id='word_1_296' title='bbox 2015 3727 2487 3808; x_wconf 87' lang='lat' dir='ltr'><strong>intellegimus</strong></span> <span class='ocrx_word' id='word_1_297' title='bbox 2523 3745 2607 3788; x_wconf 88' lang='lat' dir='ltr'><strong>ex</strong></span> <span class='ocrx_word' id='word_1_298' title='bbox 2651 3725 2879 3788; x_wconf 88' lang='lat' dir='ltr'><strong>Plauti</strong></span> <span class='ocrx_word' id='word_1_299' title='bbox 2912 3725 3084 3790; x_wconf 90' lang='lat' dir='ltr'><strong>Rud.</strong></span> 
     </span>
     <span class='ocr_line' id='line_1_33' title="bbox 362 3837 674 3911; baseline 0.01 -20"><span class='ocrx_word' id='word_1_300' title='bbox 362 3837 489 3894; x_wconf 82' lang='lat'><strong>313</strong></span> <span class='ocrx_word' id='word_1_301' title='bbox 525 3850 674 3911; x_wconf 86' lang='lat' dir='ltr'><strong>sqq.</strong></span> 
     </span>
    </p>
   </div>
   <div class='ocr_carea' id='block_1_5' title="bbox 573 3951 2903 4248">
    <p class='ocr_par' dir='ltr' id='par_1_6' title="bbox 573 3951 2903 4248">
     <span class='ocr_line' id='line_1_34' title="bbox 573 3951 1716 4040; baseline 0 -24"><span class='ocrx_word' id='word_1_302' title='bbox 573 3955 701 4018; x_wconf 84' lang='lat' dir='ltr'><strong>Te.-</strong></span> <span class='ocrx_word' id='word_1_303' title='bbox 724 4001 888 4020; x_wconf 91' lang='grc'><strong>.....</strong></span> <span class='ocrx_word' id='word_1_304' title='bbox 933 3955 1216 4040; x_wconf 80' lang='lat' dir='ltr'><strong>Ecquem</strong></span> <span class='ocrx_word' id='word_1_305' title='bbox 1261 3951 1716 4018; x_wconf 71' lang='lat' dir='ltr'><strong>adulescentem</strong></span> 
     </span>
     <span class='ocr_line' id='line_1_35' title="bbox 573 4055 2665 4147; baseline 0.002 -30"><span class='ocrx_word' id='word_1_306' title='bbox 573 4055 722 4120; x_wconf 84' lang='lat' dir='ltr'><strong>Huc</strong></span> <span class='ocrx_word' id='word_1_307' title='bbox 767 4055 918 4120; x_wconf 81' lang='lat' dir='ltr'><strong>dum</strong></span> <span class='ocrx_word' id='word_1_308' title='bbox 963 4058 1070 4122; x_wconf 75' lang='lat' dir='ltr'><strong>hic</strong></span> <span class='ocrx_word' id='word_1_309' title='bbox 1113 4059 1340 4122; x_wconf 83' lang='lat' dir='ltr'><strong>astatis</strong></span> <span class='ocrx_word' id='word_1_310' title='bbox 1382 4067 1641 4123; x_wconf 74' lang='lat' dir='ltr'><strong>strenua</strong></span> <span class='ocrx_word' id='word_1_311' title='bbox 1668 4060 1887 4147; x_wconf 82' lang='lat' dir='ltr'><strong>facie,</strong></span> <span class='ocrx_word' id='word_1_312' title='bbox 1931 4056 2375 4136; x_wconf 83' lang='lat' dir='ltr'><strong>rubicundum,</strong></span> <span class='ocrx_word' id='word_1_313' title='bbox 2402 4057 2665 4144; x_wconf 79' lang='lat' dir='ltr'><strong>fortem.</strong></span> 
     </span>
     <span class='ocr_line' id='line_1_36' title="bbox 583 4157 2903 4248; baseline -0.001 -24"><span class='ocrx_word' id='word_1_314' title='bbox 583 4157 713 4231; x_wconf 78' lang='lat' dir='ltr'><strong>Qui</strong></span> <span class='ocrx_word' id='word_1_315' title='bbox 759 4169 882 4224; x_wconf 78' lang='lat' dir='ltr'><strong>tres</strong></span> <span class='ocrx_word' id='word_1_316' title='bbox 925 4183 1133 4227; x_wconf 80' lang='lat' dir='ltr'><strong>secum</strong></span> <span class='ocrx_word' id='word_1_317' title='bbox 1177 4161 1457 4226; x_wconf 78' lang='lat' dir='ltr'><strong>homines</strong></span> <span class='ocrx_word' id='word_1_318' title='bbox 1501 4162 1755 4228; x_wconf 81' lang='lat' dir='ltr'><strong>duceret</strong></span> <span class='ocrx_word' id='word_1_319' title='bbox 1799 4159 2293 4248; x_wconf 78' lang='lat' dir='ltr'><strong>c(k)lamydatos</strong></span> <span class='ocrx_word' id='word_1_320' title='bbox 2338 4183 2481 4224; x_wconf 83' lang='lat' dir='ltr'><strong>cam</strong></span> <span class='ocrx_word' id='word_1_321' title='bbox 2524 4158 2903 4224; x_wconf 77' lang='lat' dir='ltr'><strong>machaeris.</strong></span> 
     </span>
    </p>
   </div>
   <div class='ocr_carea' id='block_1_6' title="bbox 376 4341 792 4350">
    <p class='ocr_par' dir='ltr' id='par_1_7' title="bbox 376 4341 792 4350">
     <span class='ocr_line' id='line_1_37' title="bbox 376 4341 792 4350; baseline 0 759"><span class='ocrx_word' id='word_1_322' title='bbox 376 4341 792 4350; x_wconf 95' lang='lat' dir='ltr'><strong> </strong></span> 
     </span>
    </p>
   </div>
   <div class='ocr_carea' id='block_1_7' title="bbox 351 4405 3085 4913">
    <p class='ocr_par' dir='ltr' id='par_1_8' title="bbox 351 4405 3085 4827">
     <span class='ocr_line' id='line_1_38' title="bbox 362 4405 3084 4476; baseline 0 -18"><span class='ocrx_word' id='word_1_323' title='bbox 362 4407 583 4476; x_wconf 81' lang='lat' dir='ltr'><strong>werden,</strong></span> <span class='ocrx_word' id='word_1_324' title='bbox 623 4407 818 4459; x_wconf 71' lang='lat' dir='ltr'><strong>obwokl</strong></span> <span class='ocrx_word' id='word_1_325' title='bbox 853 4407 962 4458; x_wconf 71' lang='lat' dir='ltr'><strong>sich</strong></span> <span class='ocrx_word' id='word_1_326' title='bbox 995 4409 1140 4459; x_wconf 71' lang='lat' dir='ltr'><strong>meist</strong></span> <span class='ocrx_word' id='word_1_327' title='bbox 1177 4410 1442 4474; x_wconf 69' lang='lat' dir='ltr'><strong>adaquato</strong></span> <span class='ocrx_word' id='word_1_328' title='bbox 1474 4409 1720 4459; x_wconf 68' lang='lat' dir='ltr'><strong>rb’misclie</strong></span> <span class='ocrx_word' id='word_1_329' title='bbox 1757 4407 2059 4461; x_wconf 72' lang='lat' dir='ltr'><strong>Amdn&#39;c&#39;cke</strong></span> <span class='ocrx_word' id='word_1_330' title='bbox 2097 4407 2353 4462; x_wconf 81' lang='lat' dir='ltr'><strong>entweder</strong></span> <span class='ocrx_word' id='word_1_331' title='bbox 2386 4423 2497 4459; x_wconf 79' lang='lat' dir='ltr'><strong>vom</strong></span> <span class='ocrx_word' id='word_1_332' title='bbox 2522 4407 2681 4458; x_wconf 75' lang='lat' dir='ltr'><strong>Ham</strong></span> <span class='ocrx_word' id='word_1_333' title='bbox 2717 4422 2815 4456; x_wconf 76' lang='lat' dir='ltr'><strong>aas</strong></span> <span class='ocrx_word' id='word_1_334' title='bbox 2850 4405 3084 4458; x_wconf 72' lang='lat' dir='ltr'><strong>«lanchen</strong></span> 
     </span>
     <span class='ocr_line' id='line_1_39' title="bbox 351 4483 3081 4562; baseline 0 -17"><span class='ocrx_word' id='word_1_335' title='bbox 351 4494 540 4558; x_wconf 77' lang='lat' dir='ltr'><strong>finden</strong></span> <span class='ocrx_word' id='word_1_336' title='bbox 564 4493 690 4546; x_wconf 83' lang='lat' dir='ltr'><strong>oder</strong></span> <span class='ocrx_word' id='word_1_337' title='bbox 706 4495 807 4548; x_wconf 70' lang='lat' dir='ltr'><strong>bes.</strong></span> <span class='ocrx_word' id='word_1_338' title='bbox 829 4497 938 4562; x_wconf 79' lang='lat' dir='ltr'><strong>aas</strong></span> <span class='ocrx_word' id='word_1_339' title='bbox 950 4495 1068 4547; x_wconf 78' lang='lat' dir='ltr'><strong>dem</strong></span> <span class='ocrx_word' id='word_1_340' title='bbox 1090 4495 1298 4548; x_wconf 76' lang='lat' dir='ltr'><strong>Gebiete</strong></span> <span class='ocrx_word' id='word_1_341' title='bbox 1322 4496 1418 4548; x_wconf 81' lang='lat' dir='ltr'><strong>der</strong></span> <span class='ocrx_word' id='word_1_342' title='bbox 1445 4495 1823 4562; x_wconf 67' lang='lat' dir='ltr'><strong>Wissemchafl</strong></span> <span class='ocrx_word' id='word_1_343' title='bbox 1840 4496 2005 4548; x_wconf 70' lang='lat' dir='ltr'><strong>dna-ch</strong></span> <span class='ocrx_word' id='word_1_344' title='bbox 2035 4483 2380 4560; x_wconf 58' lang='lat' dir='ltr'><strong>&amp;herosta-any</strong></span> <span class='ocrx_word' id='word_1_345' title='bbox 2398 4493 2699 4560; x_wconf 71' lang='lat' dir='ltr'><strong>yeechaffen</strong></span> <span class='ocrx_word' id='word_1_346' title='bbox 2718 4493 2923 4545; x_wconf 79' lang='lat' dir='ltr'><strong>worden</strong></span> <span class='ocrx_word' id='word_1_347' title='bbox 2945 4496 3081 4546; x_wconf 73' lang='lat' dir='ltr'><strong>sind.</strong></span> 
     </span>
     <span class='ocr_line' id='line_1_40' title="bbox 362 4584 3079 4650; baseline 0 -15"><span class='ocrx_word' id='word_1_348' title='bbox 362 4584 580 4635; x_wconf 83' lang='lat' dir='ltr'><strong>Graeca</strong></span> <span class='ocrx_word' id='word_1_349' title='bbox 636 4587 834 4650; x_wconf 85' lang='lat' dir='ltr'><strong>verba,</strong></span> <span class='ocrx_word' id='word_1_350' title='bbox 891 4598 1036 4648; x_wconf 85' lang='lat' dir='ltr'><strong>quae</strong></span> <span class='ocrx_word' id='word_1_351' title='bbox 1097 4585 1158 4636; x_wconf 88' lang='lat' dir='ltr'><strong>in</strong></span> <span class='ocrx_word' id='word_1_352' title='bbox 1213 4586 1501 4638; x_wconf 78' lang='lat' dir='ltr'><strong>Iuvenalis</strong></span> <span class='ocrx_word' id='word_1_353' title='bbox 1565 4587 1770 4638; x_wconf 81' lang='lat' dir='ltr'><strong>saturis</strong></span> <span class='ocrx_word' id='word_1_354' title='bbox 1826 4587 2117 4650; x_wconf 85' lang='lat' dir='ltr'><strong>leguntur,</strong></span> <span class='ocrx_word' id='word_1_355' title='bbox 2170 4585 2499 4648; x_wconf 84' lang='lat' dir='ltr'><strong>nuperrime</strong></span> <span class='ocrx_word' id='word_1_356' title='bbox 2554 4584 2785 4646; x_wconf 80' lang='lat' dir='ltr'><strong>collegit</strong></span> <span class='ocrx_word' id='word_1_357' title='bbox 2838 4588 2891 4634; x_wconf 79' lang='lat' dir='ltr'><strong>et</strong></span> <span class='ocrx_word' id='word_1_358' title='bbox 2950 4584 3079 4636; x_wconf 82' lang='lat' dir='ltr'><strong>illu·</strong></span> 
     </span>
     <span class='ocr_line' id='line_1_41' title="bbox 362 4669 3085 4741; baseline -0.003 -17"><span class='ocrx_word' id='word_1_359' title='bbox 362 4675 569 4724; x_wconf 73' lang='lat' dir='ltr'><strong>stravit</strong></span> <span class='ocrx_word' id='word_1_360' title='bbox 605 4674 670 4724; x_wconf 84' lang='grc' dir='ltr'><strong>Α.</strong></span> <span class='ocrx_word' id='word_1_361' title='bbox 707 4673 870 4726; x_wconf 73' lang='lat' dir='ltr'><strong>&#39;thiel</strong></span> <span class='ocrx_word' id='word_1_362' title='bbox 912 4675 970 4724; x_wconf 86' lang='lat' dir='ltr'><strong>in</strong></span> <span class='ocrx_word' id='word_1_363' title='bbox 1007 4675 1178 4741; x_wconf 83' lang='lat' dir='ltr'><strong>llbr0‚</strong></span> <span class='ocrx_word' id='word_1_364' title='bbox 1227 4676 1326 4738; x_wconf 84' lang='lat' dir='ltr'><strong>qui</strong></span> <span class='ocrx_word' id='word_1_365' title='bbox 1373 4675 1705 4726; x_wconf 76' lang='lat' dir='ltr'><strong>inscribitur</strong></span> <span class='ocrx_word' id='word_1_366' title='bbox 1729 4673 1995 4724; x_wconf 79' lang='lat' dir='ltr'><strong>Iuvenalis</strong></span> <span class='ocrx_word' id='word_1_367' title='bbox 2025 4672 2373 4724; x_wconf 68' lang='lat' dir='ltr'><strong>Graecinum</strong></span> <span class='ocrx_word' id='word_1_368' title='bbox 2397 4673 2503 4724; x_wconf 78' lang='lat' dir='ltr'><strong>eive</strong></span> <span class='ocrx_word' id='word_1_369' title='bbox 2538 4672 2603 4722; x_wconf 86' lang='lat' dir='ltr'><strong>de</strong></span> <span class='ocrx_word' id='word_1_370' title='bbox 2639 4670 2839 4722; x_wconf 72' lang='lat' dir='ltr'><strong>vocibus</strong></span> <span class='ocrx_word' id='word_1_371' title='bbox 2868 4669 3085 4720; x_wconf 66' lang='lat' dir='ltr'><strong>Graecis</strong></span> 
     </span>
     <span class='ocr_line' id='line_1_42' title="bbox 364 4759 1461 4827; baseline 0.003 -17"><span class='ocrx_word' id='word_1_372' title='bbox 364 4759 512 4824; x_wconf 75' lang='lat' dir='ltr'><strong>apud</strong></span> <span class='ocrx_word' id='word_1_373' title='bbox 535 4761 853 4827; x_wconf 79' lang='lat' dir='ltr'><strong>Iuvenalem,</strong></span> <span class='ocrx_word' id='word_1_374' title='bbox 889 4761 1270 4813; x_wconf 83' lang='lat' dir='ltr'><strong>Vratielaviae</strong></span> <span class='ocrx_word' id='word_1_375' title='bbox 1310 4765 1461 4814; x_wconf 81' lang='lat'><strong>1901.</strong></span> 
     </span>
    </p>

    <p class='ocr_par' dir='ltr' id='par_1_9' title="bbox 575 4849 1772 4913">
     <span class='ocr_line' id='line_1_43' title="bbox 575 4849 1772 4913; baseline -0.002 -13"><span class='ocrx_word' id='word_1_376' title='bbox 575 4851 614 4913; x_wconf 85' lang='lat'><strong>¹)</strong></span> <span class='ocrx_word' id='word_1_377' title='bbox 653 4851 723 4900; x_wconf 75' lang='lat' dir='ltr'><strong>cl.</strong></span> <span class='ocrx_word' id='word_1_378' title='bbox 763 4851 940 4901; x_wconf 77' lang='lat' dir='ltr'><strong>Marx.</strong></span> <span class='ocrx_word' id='word_1_379' title='bbox 977 4852 1013 4902; x_wconf 91' lang='lat'><strong>1.</strong></span> <span class='ocrx_word' id='word_1_380' title='bbox 1055 4850 1090 4902; x_wconf 82' lang='lat'><strong>1.</strong></span> <span class='ocrx_word' id='word_1_381' title='bbox 1131 4865 1182 4913; x_wconf 86' lang='lat' dir='ltr'><strong>p.</strong></span> <span class='ocrx_word' id='word_1_382' title='bbox 1223 4853 1340 4902; x_wconf 82' lang='grc'><strong>369.</strong></span> <span class='ocrx_word' id='word_1_383' title='bbox 1380 4849 1588 4910; x_wconf 81' lang='lat' dir='ltr'><strong>(adnot.</strong></span> <span class='ocrx_word' id='word_1_384' title='bbox 1631 4851 1772 4910; x_wconf 85' lang='lat' dir='ltr'><strong>crit.)</strong></span> 
     </span>
    </p>
   </div>
  </div>
 </body>
</html>
