3567 5109
1403 287 1885 351 -153—

278 497 464 581 quod
509 497 722 582 pluris
764 503 882 578 est,
945 520 1138 564 suam
1184 498 1511 582 positione
1556 497 1861 582 neglecta
1916 496 2360 582 pyrrhichium
2408 505 2664 582 aequat.
2754 495 3003 584 Legem

279 610 506 670 autem
541 604 744 687 illam,
786 627 954 690 quae
985 611 1084 671 est
1113 605 1194 671 de
1223 605 1560 671 vocabulis
1587 604 1887 670 iambicis
1915 605 2257 688 correptis,
2285 605 2418 670 iam
2449 604 2680 670 Cicero
2710 605 3007 670 videtur1

276 713 710 796 ignoravisse,
737 714 982 778 nedum
1013 711 1416 795 Fulgentius.
1460 712 1544 777 In
1572 711 2113 778 antecedentibus
2144 732 2405 796 quoque
2434 712 2648 776 verbis
2676 713 3005 776 senarium

276 819 495 884 inesse
543 819 899 886 admodum
945 819 1083 883 veri
1127 818 1336 884 simile
1384 825 1504 900 est,
1553 819 1670 884 sed
1715 820 1843 884 nisi
1889 819 2139 884 urendo
2188 825 2255 884 et
2300 818 2588 884 secando
2634 839 2770 884 non
2818 817 3003 882 effin-

279 926 478 1008 gitur.
571 925 810 1010 Itaque
857 926 1080 990 sedem
1128 925 1540 1009 corruptelae
1589 946 1999 1010 quaeramus.
2092 927 2401 990 Diobolae
2446 947 2611 1010 qua-e
2654 924 2725 989 in
2771 924 3007 990 iambis

280 1031 645 1098 clausulam
699 1032 922 1098 facere
978 1055 1112 1098 non
1166 1038 1386 1116 potest
1431 1039 1498 1097 et
1543 1033 1958 1097 enuntiatum
2004 1032 2368 1112 relativum,
2416 1037 2492 1096 ut
2537 1039 2637 1096 est
2680 1033 2751 1096 in
2796 1031 3005 1110 Ebria,

277 1137 448 1202 nihil
495 1145 594 1204 est
636 1140 764 1204 nisi
809 1139 1089 1205 molesta
1135 1140 1469 1222 appendix
1514 1138 1601 1204 ad
1645 1141 2006 1204 meretrices
2050 1139 2333 1204 diobolas
2376 1159 2590 1222 neque
2636 1159 2860 1204 versus
2905 1144 3008 1202 tot

279 1265 472 1310 voces
521 1247 718 1329 capit.
769 1245 1339 1330 Supervacaneum
1385 1267 1652 1329 prorsus
1701 1251 1801 1310 est
1827 1245 2233 1321 ‚vocabulum
2278 1247 2673 1324 meretrice-Q·
2725 1245 2905 1330 quod
2949 1245 3006 1309 si

279 1351 662 1418 eiecerimus
711 1360 777 1419 et
819 1355 1103 1420 diobolae
1149 1375 1312 1438 quae
1365 1353 1979 1436 transposuerimus,
2044 1352 2175 1416 iam
2232 1353 2514 1418 diobolae
2568 1351 3007 1435 praedicative

281 1459 570 1540 positum
637 1459 842 1525 multo
908 1460 1140 1526 melius
1197 1461 1284 1525 ad
1339 1461 1732 1525 sententiam
1791 1459 2141 1545 quadrabit
2196 1464 2262 1524 et
2309 1459 2474 1524 duos
2521 1479 2655 1524 non
2700 1458 3009 1541 illepidos

279 1565 406 1630 hos
454 1567 750 1632 senarios
795 1568 1354 1651 recuperabimus:

773 1710 928 1775 Non
972 1733 1079 1796 eyo
1124 1712 1221 1775 ita
1264 1711 1390 1796 fui,
1438 1717 1516 1775 ut
1558 1732 1742 1774 mmw
1783 1716 1961 1793 sunt,
2008 1731 2172 1795 quae
2217 1709 2499 1774 diobolae

775 1818 986 1883 Suam
1029 1817 1296 1882 memmi
1340 1839 1538 1882 causa
1572 1817 1776 1902 parvi
1809 1819 2115 1902 pendam
2151 1817 2455 1901 qratiam.

285 1957 702 2026 Vocabulum
749 1959 1162 2025 diobolarum
1200 1965 1450 2026 mature
1489 1960 1560 2024 in
1593 1959 1901 2024 notitiam
1929 1957 2379 2024 Romanorum
2417 1958 2669 2022 venisse
2710 1978 3009 2041 compro-

284 2065 482 2130 batur
524 2066 743 2132 Plaut.
791 2067 1027 2133 Pseud.
1077 2068 1208 2133 270
1253 2069 1654 2132 servolorum
1679 2068 2182 2142 ,sordidulorum
2217 2072 2427 2130 scorta
2461 2066 2823 2130 diobolaria
2861 2063 3008 2129 coll.

286 2171 588 2239 Varrone
637 2172 720 2239 de
766 2173 808 2240 l.
855 2173 932 2241 L.
962 2173 1106 2242 VH
1152 2177 1237 2240 64
1276 2181 1342 2238 et
1378 2173 1589 2238 Paulo
1631 2195 1710 2239 ex
1739 2173 1918 2238 Fest.
1959 2175 2072 2252 (74
2101 2172 2217 2250 Μ.,
2255 2175 2336 2237 52
2369 2171 2531 2253 Th).
2580 2171 3006 2239 Comoediam

288 2301 551 2362 quoque
621 2279 858 2346 Naevii
932 2281 1263 2365 quandam
1337 2281 1791 2346 Diobolam‘am
1871 2279 2254 2361 inscriptam
2335 2277 2537 2344 fuisse
2617 2277 3009 2361 Fulgentius

288 2390 370 2469 (p.
405 2390 552 2468 121,
591 2409 654 2454 n.
684 2390 768 2452 43
808 2388 1033 2470 Helm)
1069 2394 1370 2468 testatur,
1413 2388 1596 2452 cuius
1636 2386 1716 2451 de
1741 2385 1948 2451 'titulo
1988 2384 2592 2450 vix'dubitabimua
2638 2384 3008 2468 Utrumque

287 2495 487 2575 igitur
516 2493 970 2578 fragmentum,
1011 2494 1191 2578 quod
1227 2493 1440 2573 attuli,
1489 2515 1557 2558 re
1597 2513 1753 2558 vera
1783 2493 2023 2558 aetatis
2048 2491 2403 2557 Plautinae
2439 2490 2541 2556 vel
2572 2491 3005 2556 Terentianae

289 2622 430 2665 esse
478 2599 788 2682 arbitror3
837 2609 1011 2666 recte
1039 2601 1328 2666 Pacuvio
1379 2601 1730 2684 adsignata
1769 2621 1910 2664 esse
1948 2621 2082 2664 non
2121 2599 2266 2682 pari
2303 2598 2702 2664 confidentia
2742 2604 3006 2662 conten-

291 2707 460 2776 dam.
505 2707 742 2792 Neque
771 2729 851 2773 ex
879 2710 1206 2774 contrario
1239 2707 1658 2790 Fulgentium
1695 2707 1764 2772 id
1802 2703 2186 2773 ementitum
2223 2727 2364 2770 esse
2402 2725 2521 2788 pro
2554 2712 2730 2769 certo
2771 2703 3006 2770 habeo.

287 2816 370 2880 In
417 2814 636 2881 allatis
679 2815 910 2894 titulis,
975 2821 1050 2880 ut
1096 2837 1295 2899 supra
1351 2814 1651 2896 vidimus,
1718 2814 2117 2900 aliquotiens
2174 2814 2432 2892 erravit,
2497 2813 2569 2879 in
2616 2813 3009 2896 scriptorum

287 2923 682 3003 nominibus,
750 2929 1071 3008 quantum
1137 2945 1216 2987 ex
1268 2921 1455 2986 libris
1511 2943 1737 2986 eorum
1792 2922 2065 2986 servatis
2112 2921 2451 3004 explorare
2507 2941 2873 3003 possumus,
2939 2919 3008 2982 in

289 3029 413 3094 hoc
459 3027 685 3094 libello
731 3051 1088 3112 nunquam.
1163 3026 1314 3113 Qua
1361 3030 1851 3113 comparatione
1896 3027 2241 3093 instituta*
2285 3027 2649 3092 invenimus
2694 3025 3009 3091 Plautum

289 3135 372 3200 ab
422 3157 498 3200 eo
547 3135 926 3220 quindecies
970 3141 1148 3200 recte
1193 3137 1604 3200 nominatum
1652 3156 1833 3215 esse„
1880 3134 2245 3219 Apuleium
2289 3141 2411 3214 ter,
2469 3132 2838 3216 Vergilium
2882 3131 3009 3212 bis,

290 3242 696 3308 Mattianum
744 3241 1085 3328 Capellam
1132 3249 1200 3306 et
1242 3242 1588 3332 Lucanum
1635 3242 1851 3308 semel.
1897 3242 2202 3322 Accedit,
2248 3247 2325 3306 ut
2368 3241 2474 3305 vix
2518 3239 2724 3305 ullum
2768 3260 3009 3305 nomen

290 3355 523 3432 poetae
590 3349 821 3415 comici
884 3349 1058 3414 illius
1124 3350 1362 3414 aetatis
1425 3350 1778 3416 memoriae
1834 3349 2169 3432 proditum
2226 3349 2329 3428 sit,
2398 3369 2681 3432 quocum
2735 3346 3011 3411 Pacuvii

289 3455 480 3520 facile
529 3455 1062 3536 confunderetur,
1111 3462 1178 3521 et
1219 3455 1395 3520 idem
1441 3477 1623 3520 error
1659 3455 1762 3520 bis
1801 3455 2068 3520 diversis
2105 3455 2272 3520 locis
2309 3454 2701 3520 statuendus
2738 3455 2837 3519 sit.
2884 3452 3007 3518 Ut-

292 3584 568 3646 cumque
611 3584 720 3628 res
767 3585 836 3628 se
882 3562 1103 3641 habet,
1152 3570 1326 3628 certe
1373 3561 1691 3643 Ribbeck,
1741 3562 1865 3628 etsi
1911 3562 2307 3646 permultum
2347 3562 2774 3627 dubitationis
2810 3558 3010 3625 relin-

293 3670 531 3752 quitur,
597 3670 761 3735 haec
815 3669 1186 3754 fragmenta
1231 3669 1491 3734 silentio
1540 3690 1833 3753 premere
1890 3690 2025 3734 non
2073 3669 2326 3749 debuit;
2393 3670 2568 3733 inter
2610 3669 2863 3732 incerta
2906 3667 3009 3730 in-

293 3783 616 3840 certorum
679 3776 1049 3860 fragmenta
1114 3777 1368 3842 comica
1432 3776 1665 3842 saltem
1712 3777 2092 3862 recipienda
2149 3783 2358 3842 erant.
2452 3772 3009 3864 Quandoquidem

293 3883 566 3948 disiecta
611 3883 904 3949 membra
951 3889 1186 3968 poetae
1236 3884 1701 3969 conquirimuS,
1767 3885 2035 3949 tertium
2080 3883 2315 3962 locum,
2375 3903 2569 3967 quem
2619 3880 3007 3964 Fulgentius

293 3991 582 4076 praebet,
648 3991 972 4056 addamus
1037 3996 1123 4076 (p.
1160 3995 1305 4071 125,
1362 4013 1426 4056 n.
1459 3994 1597 4074 57):
1701 3992 1878 4069 Quid
1926 3993 2017 4056 sit
2071 3993 2338 4055 luteum.
2434 3990 2723 4054 micum
2766 3988 3013 4052 dicitur

291 4099 722 4182 splendidum,
768 4101 943 4164 unde
989 4106 1050 4164 et
1093 4100 1424 4164 Pacuvius
1469 4100 1546 4164 in
1593 4100 1918 4182 trayoedia
1968 4098 2195 4162 Pie-stis
2238 4098 2371 4162 ait:
2434 4097 2591 4161 Non
2633 4097 2773 4160 illic
2819 4095 3011 4159 luteis

292 4223 536 4269 aurora
583 4205 842 4289 biiuyis.
931 4205 1240 4270 Fortasse
1297 4204 1536 4288 aliquis
1591 4205 1698 4270 hic
1743 4204 2169 4297 Fulgentium
2214 4205 2284 4268 in
2339 4223 2555 4268 errore
2606 4201 3009 4287 deprehendi

294 4317 536 4390 censet,
586 4311 765 4394 quod
811 4313 1074 4398 biiuyus
1119 4333 1243 4376 vox
1288 4311 1612 4376 recentior
1659 4309 1801 4377 sit⁸.
1871 4310 1972 4376 At
2014 4311 2084 4376 id
2128 4329 2547 4396 nequaquam
2597 4317 2843 4374 certum
2892 4315 3007 4387 est,

294 4420 510 4498 immo,
538 4418 968 4484 cumEnnius
997 4417 1174 4502 (Trg.
1197 4421 1280 4484 92
1300 4418 1401 4498 R,
1426 4420 1553 4483 102
1572 4418 1654 4486 V.
1669 4419 1751 4504 ²).²
1790 4419 1941 4484 Vidi
2028 4418 2365 4483 Hectorem
2392 4440 2595 4483 curm
2620 4417 3012 4502 qzcadmtiuyo

509 4611 528 4645 ¹
565 4610 828 4678 Skutsch,
866 4609 1010 4665 Phil.
1048 4609 1188 4664 LIX
1223 4612 1346 4666 484.

508 4698 530 4734 2
571 4699 639 4752 V.
677 4699 812 4754 edit.
848 4699 1225 4769 Helmianam,
1263 4700 1360 4753 ubi
1399 4701 1546 4755 infra
1584 4665 1802 4756 textum
1840 4701 1951 4756 loci
1990 4699 2347 4755 adnotantur.

510 4787 532 4822 ³
569 4787 740 4854 Stolz,
780 4788 1026 4842 ‘Histor.
1065 4783 1332 4842 Gramm‘.’
1370 4788 1402 4841 I
1442 4790 1545 4844 143
1582 4791 1831 4860 ‘biiuqua
1867 4790 1982 4843 und
2021 4790 2097 4844 -ia
2134 4791 2259 4845 sind
2297 4792 2513 4859 spatere
2542 4788 3010 4858 Neubildungen'.
