3567 5109
1601 285 2065 351 ...190-

484 481 654 543 Sunt
719 484 898 542 enim
955 479 1330 555 Lucilius¹)
1394 486 1460 543 et
1506 480 1855 542 Horatius
1874 482 1922 557 ²)
1972 480 2099 541 His
2148 481 2467 552 versibus
2516 497 2772 557 causaS,
2818 496 2989 557 quae
3037 494 3189 540 eum

484 585 567 650 ad
603 603 850 666 genus
925 589 1312 666 saturarum
1390 584 1851 660 adduxerunt,
1922 589 2075 664 apte
2150 586 2408 646 inserit.
2514 583 2777 647 Deinde
2877 582 3193 656 versibus

485 711 564 767 79
613 713 678 770 et
726 713 841 768 80:
908 702 990 766 Si
1046 713 1282 767 natura
1345 713 1548 789 τιᾶραι,
1577 705 1755 791 facit
1820 701 2185 788 indiqnatio
2234 725 2504 784 versum,

910 807 1424 893 qualemcumque
1460 818 1692 894 potest,
1741 806 1969 892 quales
2008 831 2115 894 eqo
2160 807 2265 870 vel
2308 806 2675 874 Cluuienus.

485 935 782 998 formam
829 937 1210 998 carminum
1259 940 1323 996 et
1371 953 1518 997 rem
1565 937 1921 996 metricam
1970 951 2050 996 eo
2102 941 2399 1004 excusat,
2447 933 2636 1013 quod
2680 949 2759 996 se
2801 932 2889 996 ad
2930 937 3191 994 saturas

483 1039 1025 1102 conscribendas
1071 1039 1545 1119 indignatione
1595 1045 2013 1102 commotum
2064 1057 2215 1102 esse
2263 1037 2581 1102 affirmat.
2646 1037 2903 1100 Causas
2948 1043 3197 1111 antem,

459 1161 612 1228 ‚cur
645 1149 828 1208 tanta
862 1141 1340 1224 indignatione
1373 1142 1667 1207 affectus
1715 1150 1914 1224 esset,
1961 1161 2117 1206 eum
2164 1143 2481 1206 versibus
2531 1149 2783 1204 51-78
2818 1140 3195 1206 artificiose

483 1247 926 1328 praemisisse
992 1250 1332 1311 neminem
1397 1248 1629 1327 fugiat.
1698 1249 2081 1325 Praeterea,
2150 1247 2404 1327 quibus
2480 1246 2565 1310 de
2634 1248 2845 1310 rebus
2912 1251 3192 1309 acturus

483 1349 591 1430 sit',
669 1353 1079 1432 intellegere
1153 1371 1524 1433 possumus
1603 1372 1687 1416 ex
1765 1353 2092 1416 versibus
2143 1360 2219 1415 85
2270 1360 2338 1416 et
2384 1360 2501 1415 86:

862 1472 1175 1558 quidquid
1218 1482 1415 1558 ayunt
1458 1472 1760 1553 homiues,
1804 1482 2033 1555 votum,
2080 1473 2291 1553 timor,
2335 1475 2456 1554 ira,
2500 1471 2816 1556 voluptas,

855 1577 1124 1662 qaudz’a,
1173 1578 1498 1642 discursus
1540 1579 1748 1644 nostri
1770 1580 2063 1665 farrago
2114 1577 2319 1642 labelli
2351 1588 2463 1650 cst.

485 1704 697 1768 Cuius
762 1705 863 1768 rei
909 1704 1222 1785 exempla
1285 1705 1419 1769 iam
1482 1705 1954 1786 proferuntur.
2019 1705 2283 1768 Deinde
2347 1706 2665 1768 versibus
2740 1707 2864 1766 170
2914 1708 2979 1764 et
3034 1707 3188 1764 171:

901 1825 1215 1908 caperiar,
1265 1822 1422 1908 quid
1467 1823 1848 1891 concedatur
1892 1825 1963 1890 i‘n
2007 1821 2179 1920 illos,

901 1951 1165 2014 quorum
1210 1928 1548 1996 Flaminia
1593 1932 1826 2018 teqitur
1872 1929 2044 1996 cinis
2086 1939 2277 2014 atquc
2324 1927 2569 2006 Latina

485 2073 660 2133 quos
707 2056 779 2116 in
840 2055 1150 2118 homines
1213 2056 1614 2118 invecturus
1678 2059 1783 2134 sit,
1850 2057 2163 2136 explicat,
2222 2055 2479 2119 indicat
2525 2060 2769 2134 autem,
2819 2072 2951 2133 qua
2998 2070 3075 2116 re
3122 2052 3193 2133 id

485 2157 706 2236 faciat,
752 2159 1070 2222 versibus
1124 2163 1482 2230 147-169.
1558 2159 1799 2240 Itaque
1846 2160 2191 2224 Iuvenalis
2231 2163 2455 2240 prima
2502 2160 2628 2224 hac
2676 2164 2906 2226 satura
2953 2175 3193 2221 omnes

485 2282 616 2342 τρε,
663 2262 748 2326 de
797 2263 1050 2343 quibus
1097 2263 1217 2343 qui
1267 2267 1568 2328 carmina
1614 2265 1764 2328 eius
1804 2267 2132 2346 legerent,
2179 2266 2573 2330 instruendi
2604 2271 2813 2341 erant,
2860 2265 3191 2328 tractavit.

483 2367 710 2442 Quare
758 2369 933 2432 hanc
980 2375 1329 2448 saturam„
1361 2387 1445 2432 ex
1494 2389 1649 2450 qua,
1698 2370 1866 2450 quid
1915 2372 2258 2435 Iuvenalis
2307 2371 2443 2435 sibi
2488 2373 2951 2451 proposuerit,
2998 2367 3192 2431 intel-

485 2473 755 2552 legitur,
809 2478 1242 2554 prooemium
1293 2478 1505 2538 totius
1570 2475 1734 2553 libri
1799 2477 2006 2555 primi
2072 2475 2553 2539 nominandam
2618 2493 2770 2539 esse
2815 2481 3003 2554 puto,

596 2636 601 2641 ,,
691 2577 830 2641 Sed
876 2579 1041 2659 quid
1111 2578 1278 2642 haec
1343 2579 1430 2642 ad
1477 2587 1780 2656 nostram
1851 2581 2402 2661 disputationem,
2470 2599 2603 2659 qua
2648 2579 3047 2644 Iuvenalem
3094 2579 3193 2640 eis

488 2700 660 2762 quae
692 2683 1152 2755 Quintilianus
1199 2684 1286 2746 de
1328 2686 1552 2764 poetis
1601 2684 1951 2749 imitandis
1998 2685 2559 2766 praescripserat,
2594 2687 3194 2765 ‘obtemperavisse

486 2785 1083 2850 demonstraturus
1131 2788 1322 2850 sum?
1372 2788 1589 2853 Nobis
1634 2789 1881 2853 Lucilii
1928 2789 2091 2852 libri
2133 2787 2354 2853 XXVI
2399 2790 2728 2870 reliquias
2774 2790 3194 2870 perlustran-

484 2891 668 2954 tibus
716 2898 1088 2959 occurrunt
1135 2910 1381 2956 versus
1429 2894 1726 2972 quidam,
1773 2912 1950 2973 quos
1996 2894 2067 2956 in
2115 2913 2328 2958 unum
2374 2913 2649 2958 carmen
2693 2893 3003 2956 eiusdem
3051 2893 3197 2956 fere

483 3000 894 3075 argumenti,
933 2999 1260 3076 coniungi
1320 3015 1526 3077 posse
1584 2999 1717 3062 viri
1774 2998 1963 3062 docti
2016 2999 2564 3080 probaverunt.³)
2641 2999 2775 3063 Sed
2821 3017 2975 3062 cum
3024 2998 3195 3068 alius

482 3100 680 3162 aliter
727 3100 857 3163 hoc
907 3118 1202 3178 carmen,
1270 3102 1352 3164 de
1400 3105 1592 3166 cuius
1639 3110 2046 3182 argumento
2098 3106 2549 3182 consentiunt,
2614 3106 3006 3182 restituerit,
3072 3104 3193 3166 hac

483 3205 567 3267 de
642 3206 884 3269 Lucilii
979 3213 1206 3271 satura
1298 3208 1496 3286 prius
1578 3208 1985 3288 disputetur.
2080 3209 2529 3272 Praemittere
2603 3209 2765 3272 licet
2840 3209 3194 3282 Marxium,

485 3310 703 3388 quiin
751 3311 1054 3374 carmine
1088 3312 1512 3375 restituendo
1561 3313 1951 3379 ad4Horatii
1994 3317 2290 3393 primam
2338 3313 2503 3376 libri
2549 3313 2827 3376 alterius
2876 3319 3195 3388 saturam,

485 3433 688 3493 quam
761 3415 846 3478 ad
911 3417 1248 3480 Lucilium
1313 3418 1663 3498 pertinere
1737 3425 2025 3493 constat,
2108 3420 2464 3498 spectavit,
2546 3419 2873 3498 reliquias
2938 3419 3195 3481 rectius

485 3519 554 3580 in
621 3539 830 3582 unum
907 3539 1184 3584 carmen
1276 3523 1501 3586 videri
1587 3527 1929 3602 coegisse;
2012 3523 2273 3587 Birtius
2355 3531 2598 3588 contra
2676 3542 2802 3586 suo
2879 3523 3195 3586 acumine

484 3624 688 3686 nimis
737 3626 1047 3689 confisus
1095 3644 1169 3688 se
1218 3644 1499 3695 carmen
1545 3645 1886 3693 renovare
1930 3645 2137 3708 posse
2185 3631 2473 3708 putavit.

485 3793 494 3800 ,
687 3730 912 3808 Atque
944 3733 1212 3796 initium
1245 3731 1550 3796 Lucilius
1585 3733 1744 3799 inde
1779 3735 1980 3812 cepit,
2013 3740 2086 3794 ut
2134 3741 2512 3814 exponeret
2544 3753 2581 3796 a
2614 3733 2867 3812 quibus
2902 3751 3027 3796 sua
3060 3733 3195 3811 legi

484 3840 788 3914 cuperet.
853 3836 1001 3899 Huc
1065 3837 1412 3904 referendi
1481 3843 1641 3902 sunt
1705 3855 1985 3900 versus:
2059 3845 2179 3900 859
2252 3839 2353 3917 (L.
2400 3838 2617 3907 XXVI
2667 3845 2723 3914 1,
2774 3841 2809 3898 2
2860 3843 2928 3899 et
2976 3835 3197 3899 XXIX

487 3945 564 3998 99
618 3939 770 4016 M.):
815 4015 818 4018 ⁴

889 4083 977 4106 —‘⁹
1009 4087 1096 4106 -ν
1125 4083 1218 4109 —'v
1261 4085 1374 4126 uec
1417 4061 1812 4126 doctissimis.
1862 4062 2198 4126 Manilv'um

885 4166 1248 4230 Ρένεῐιιήιυε
1293 4167 1448 4230 haec
1497 4165 1686 4253 leycre
1733 4165 1898 4246 ποίο,
1950 4166 2210 4230 Iunium
2266 4167 2538 4252 Onu-qum
2586 4165 2741 4232 volo}
2757 4171 2809 4247 ⁴)

701 4347 735 4406 ¹)
780 4343 884 4396 (Juv-
919 4349 1092 4394 tamen
1135 4343 1232 4394 hoc
1255 4346 1436 4408 potius
1474 4345 1633 4395 libeat
1669 4343 1939 4395 decurret-e
1973 4361 2168 4412 campo,

781 4446 882 4492 per
917 4447 1062 4497 que-m
1107 4447 1322 4496 ‘ma-quun
1361 4449 1518 4496 equos
1552 4430 1825 4484 Auruncae
1852 4433 2007 4498 flexit
2041 4423 2295 4483 alumnus.

695 4523 734 4579 ²)
776 4518 924 4567 Haec
960 4536 1052 4585 eyo
1089 4536 1190 4569 uon
1225 4519 1432 4569 credam
1481 4518 1742 4574 Venusina
1777 4521 1943 4584 diyna
1981 4520 2225 4570 lucerna?

695 4609 734 4666 3)
775 4607 1124 4658 Friedericus
1170 4607 1347 4672 Marx,
1404 4607 1589 4659 Studia
1635 4608 1909 4659 Luciliana
1964 4625 2016 4672 p.
2064 4611 2131 4661 27
2160 4621 2281 4671 sqq.
2338 4613 2394 4658 et
2446 4607 2774 4658 Theodorus
2834 4607 2971 4670 Birt,
3030 4606 3198 4655 ‘Zwei

487 4693 782 4754 politische
820 4693 1040 4744 Satireh
1081 4696 1178 4745 des
1218 4697 1366 4745 alten
1405 4695 1588 4748 Roms’
1625 4711 1679 4758 p.
1719 4699 1787 4748 79
1813 4711 1939 4758 sqq.
1984 4759 1987 4762 ὴ

693 4781 732 4840 ⁴)
773 4781 864 4833 SIc
899 4783 1034 4842 legit
1071 4782 1338 4848 Mal-zius,
1376 4784 1414 4835 l.
1452 4797 1495 4836 s.
1537 4797 1578 4836 s.
1619 4796 1672 4845 p.
1717 4787 1801 4834 28.
