3567 5109
1706 319 2140 382 ...18—

783 510 826 573 I
867 520 1094 575 autem
1142 512 1283 573 vim
1331 511 1780 573 consonantis
1830 510 2040 573 habet
2104 518 2171 573 et
2218 528 2372 571 cum
2414 529 2452 569 r
2497 510 2763 589 liquida
2830 511 3277 572 coniunctum

578 618 1115 697 praecedentem
1181 615 1524 694 syllabam
1590 614 1919 694 producit
1982 616 2053 676 in
2102 632 2275 677 voce
2318 611 2670 695 parietibus
2716 614 3050 692 (XXVIII,
3102 616 3275 692 215).

580 724 839 787 Versus
889 722 1074 785 enim
1122 726 1226 784 est
1273 721 1418 782 hic:

2313 861 2454 911 nitet
2487 864 2644 911 extra
2658 861 2695 923 ¹)

1220 947 1539 997 Parietibus
1576 948 1816 1009 novitas,
1857 947 1991 997 latet
2027 948 2178 997 intus
2215 951 2412 1009 operta
2450 952 2707 999 vetustas.

789 1069 990 1151 Haud
1037 1088 1274 1167 inepte
1320 1086 1451 1149 hoc
1498 1089 1652 1149 loco
1701 1088 1788 1149 de
1834 1088 2052 1149 verbo
2119 1084 2430 1165 diabolus,
2498 1088 2687 1167 quod
2752 1088 3108 1151 invenitur
3172 1088 3284 1149 his

581 1196 751 1256 locis
800 1194 1070 1272 XXXII,
1122 1199 1239 1252 145
1257 1214 1273 1268 ;
1343 1192 1518 1264 XXI,
1571 1196 1725 1269 248;
1798 1192 1973 1263 XIX,
2026 1197 2169 1265 528,
2238 1193 2469 1254 dicere
2518 1194 2687 1255 mihi
2732 1194 2991 1257 videor.
3083 1193 3285 1266 Quod

583 1299 1116 1375 substantivum,
1167 1316 1322 1359 cum
1369 1297 1642 1370 XXXII,
1699 1304 1816 1357 145
1871 1305 2121 1377 aequet
2169 1297 2519 1377 dactylum
2569 1334 2649 1343 —
2699 1317 2939 1361 versus
2985 1305 3089 1360 est
3134 1299 3281 1359 hic:

1019 1439 1118 1499 qui
1157 1442 1341 1487 tamen
1380 1443 1478 1488 aut
1513 1451 1626 1487 non
1663 1442 1744 1487 est
1781 1443 1878 1488 aut
1912 1438 1959 1487 si
1996 1442 2077 1487 est
2114 1417 2378 1488 diabolus
2415 1439 2536 1501 ipse
2572 1444 2668 1501 est,
2712 1467 2771 1474 —

587 1566 754 1627 item
803 1564 976 1641 XXI,
1027 1566 1148 1623 248

1002 1704 1281 1767 pu1s6que
1319 1704 1493 1766 regno
1532 1683 1748 1753 diaboli
1786 1702 1815 1751 e
1852 1678 2122 1753 membris
2158 1679 2275 1753 suis

589 1845 1028 1927 trisyllabum
1077 1850 1179 1906 est
1227 1844 1337 1923 (cf.
1369 1840 1621 1903 zabulus
1653 1844 1888 1920 XXIV,
1940 1844 2110 1921 597),
2159 1844 2573 1923 praesertim
2609 1861 2765 1906 cum
2799 1844 2930 1907 hoc
2963 1854 3291 1908 accentus

589 1952 862 2031 legibus
909 1944 1452 2012 commendetur.
1502 1949 1851 2020 Quattuor
1897 1954 2131 2009 autem
2180 1948 2610 2029 syllabarum
2658 1948 2787 2009 hoc
2836 1968 3087 2013 nomen
3135 1970 3292 2013 csse

591 2058 870 2119 videtur
915 2056 988 2117 in
1037 2074 1100 2115 v.
1150 2054 1328 2133 XIX,
1377 2061 1498 2114 528

1317 2194 1604 2257 pertimui,
1641 2192 1839 2261 fateor,
1876 2207 1947 2243 ne
1983 2193 2126 2243 forte
2164 2193 2426 2243 diabolus
2463 2194 2581 2243 illa.

802 2320 971 2390 Iam,
1022 2334 1194 2395 quae
1229 2316 1300 2379 in
1331 2318 1651 2379 versibus
1685 2315 1958 2379 Paulini
1990 2322 2264 2378 exstent
2300 2318 2904 2379 contractionis
2953 2318 3293 2397 exempla,

596 2425 970 2486 videamus

807 2528 1033 2605 Atque
1067 2524 1378 2608 cooperire
1429 2526 1808 2588 contractis
1853 2526 2213 2589 vocalibus
2263 2526 2528 2609 (coperit
2572 2526 2809 2605 XXIV,
2858 2528 3029 2607 388),
3075 2526 3296 2589 cohors

599 2652 766 2697 vero
815 2632 1075 2711 duplici
1124 2631 1345 2693 vocali
1395 2636 1626 2693 exstat
1674 2632 1843 2711 (XX,
1894 2638 2043 2709 1093
2092 2632 2265 2709 XXI,
2316 2638 2417 2705 77,
2478 2636 2601 2693 292
2648 2632 2773 2709 aL).
2822 2632 3087 2696 Deinde
3134 2654 3293 2714 pro—

599 2739 859 2799 miscue
924 2754 1081 2798 cum
1128 2735 1380 2797 ceteris
1444 2736 1670 2815 poetis
1718 2736 1965 2798 scribit
2010 2735 2339 2798 Paulinus
2379 2732 2695 2817 prendere
2760 2743 2827 2798 et
2888 2734 3297 2818 prehendere.

596 2844 823 2914 Quare
868 2842 1164 2919 legimus
1215 2836 1643 2923 conprendere
1693 2840 1994 2920 (XXXII,
2046 2841 2232 2919 210);
2302 2837 2803 2923 conprehendere
2851 2843 3054 2920 (XXI,
3108 2846 3291 2922 128);

593 2944 894 3029 deprensi
939 2946 1138 3023 (XIV,
1210 2948 1336 3023 30).
1428 2946 1618 3023 Tum,
1687 2965 1841 3007 cum
1888 2945 2157 3008 nullum
2224 2946 2619 3029 exemplum
2664 2953 3030 3025 correptae
3092 2967 3293 3029 prae-

597 3050 969 3131 positionis
1017 3046 1091 3107 de
1125 3051 1421 3112 inveniri
1462 3052 1703 3129 possit,
1753 3050 2080 3112 Bursiani
2129 3051 2499 3113 lectionem
2551 3051 2823 3127 XXXII,
2881 3058 3002 3113 137
3060 3050 3297 3113 Obtulit

595 3153 758 3215 hauc
824 3150 984 3230 Soli,
1045 3174 1158 3235 per
1221 3174 1392 3235 quem
1444 3151 1866 3238 deprenderat
1926 3162 2074 3215 ante
2139 3156 2527 3235 scripturae
2598 3156 2915 3217 codicum
2971 3158 3294 3235 praefero

596 3256 1107 3342 deqwehenderat.

809 3366 944 3425 Pro
994 3367 1402 3427 necessitate
1451 3370 1678 3426 autem
1743 3382 1990 3426 versus
2054 3365 2251 3443 ponit
2298 3370 2367 3425 et
2412 3360 2577 3422 nihil
2621 3370 2688 3426 et
2734 3362 2859 3443 nil,·
2903 3365 3019 3427 illa
3066 3366 3295 3429 forma

602 3470 925 3532 omnibus
991 3470 1164 3531 locis
1221 3470 1707 3550 pyrrhichium
1775 3474 2047 3549 aequat.
2145 3464 2440 3527 Ne‘hz'lum
2506 3488 2645 3530 non
2710 3470 2940 3532 inveni
3004 3471 3138 3532 nisi
3187 3473 3296 3533 his

599 3576 806 3637 locis:
863 3576 982 3653 VI,
1026 3580 1134 3649 72;
1181 3576 1260 3647 Χ,
1316 3580 1468 3651 115;
1519 3576 1758 3643 XXXI,
1811 3578 1967 3653 2623
2014 3574 2189 3653 App.
2238 3574 2359 3645 ΙΙΙ,
2416 3581 2535 3633 183
2588 3574 2770 3652 (bis).

809 3680 982 3741 Tum
1035 3679 1340 3755 Mueller,
1408 3679 1596 3757 quod
1666 3681 1755 3758 (p.
1807 3680 1958 3757 297)
2028 3677 2394 3740 Paulinum
2446 3697 2485 3741 a
2530 3678 2760 3740 forma
2828 3680 3147 3743 enclitica
3211 3681 3304 3739 mi

600 3805 728 3865 pro
775 3782 935 3843 mihi
979 3785 1401 3846 abstinuisse
1460 3783 1648 3861 dicit,
1717 3790 1906 3845 errat
1972 3801 2154 3845 sane.
2223 3783 2393 3845 Nam
2463 3802 2689 3863 neque
2754 3786 2831 3860 X,
2892 3790 3007 3847 142
3076 3804 3300 3865 neque

601 3890 875 3963 XXVII,
947 3896 1066 3947 188
1135 3889 1443 3950 dubitari
1513 3894 1758 3967 potest,
1827 3888 1996 3967 quin
2062 3894 2251 3949 recta
2318 3888 2411 3949 sit
2456 3890 2663 3950 lectio
2727 3889 2831 3965 mi,
2898 3908 3054 3951 cum
3111 3893 3299 3953 arsin

604 3996 672 4057 in
723 4012 929 4055 versu
979 3995 1178 4073 epico
1227 3994 1500 4055 solvere
1549 4012 1688 4056 non
1739 3995 1960 4057 liceat.

812 4100 1037 4159 Porro
1086 4099 1171 4159 ad
1222 4096 1748 4160 similitudinem
1816 4101 2118 4177 genetivi
2196 4095 2412 4159 Valeri
2456 4100 2658 4177 (XXI,
2728 4100 2877 4177 223)
2947 4118 3083 4161 ιιηο
3148 4100 3301 4163 loco

605 4204 806 4283 (XXI,
861 4203 1010 4280 397)
1062 4203 1310 4263 scribit
1355 4198 1492 4283 soli,
1541 4202 1692 4264 aliis
1741 4221 1911 4265 ver-0
1958 4203 2131 4266 locis
2163 4199 2311 4263 8οἰίί
2340 4204 2610 4281 (XVIII,
2652 4209 2798 4281 1303
2844 4204 3116 4282 XXVII,
3150 4210 3299 4280 3773

603 4309 808 4378 XXX,
866 4314 918 4382 1,
971 4308 1052 4386 3).
1121 4307 1385 4369 Deinde
1425 4304 1643 4387 peculi
1688 4307 1951 4369 adferri
2002 4309 2206 4371 debet
2254 4309 2523 4387 (XVIII,
2575 4310 2748 4387 280),
2799 4309 2883 4370 de
2931 4327 3069 4387 quo
3116 4309 3303 4371 Beda

606 4412 751 4489 agit
801 4412 942 4489 (Gr.
989 4414 1130 4473 Lat.
1179 4412 1326 4485 VII,
1379 4415 1498 4471 251
1553 4412 1680 4490 K.).

817 4518 1126 4595 Denique
1195 4523 1482 4597 practer
1547 4517 1817 4580 formas
1882 4518 2285 4581 notissimas
2351 4516 2421 4578 di
2466 4520 2666 4597 (XIX,
2734 4524 2888 4595 124;
2961 4522 3134 4599 262),
3203 4517 3308 4579 dis

609 4622 907 4699 (XXXII,
961 4624 1087 4701 52),
1141 4619 1305 4681 idem
1353 4623 1554 4701 (XIX,
1608 4626 1778 4701 268),
1836 4620 2037 4683 isdem
2070 4624 2271 4701 (XIX,
2324 4629 2427 4703 21,
2463 4628 2605 4697 239,
2658 4632 2811 4701 3133
2858 4625 2999 4698 XX,
3040 4628 3157 4685 121
3197 4625 3306 4703 al.)

819 4850 856 4909 ι)
896 4848 977 4897 ct.
1017 4848 1178 4910 Verg.
1223 4850 1356 4898 Aen.
1397 4850 1459 4907 V,
1499 4851 1623 4903 589:
1666 4849 1835 4912 Beda,
1872 4850 1955 4899 De
1995 4855 2098 4901 art.
2140 4853 2299 4899 metr.
2344 4848 2435 4900 Gr.
2480 4849 2597 4899 Lat.
2637 4849 2762 4912 VII,
2802 4852 2903 4899 249
2945 4850 3012 4899 K.
