3567 5109
1449 325 1921 388 —177—

333 541 542 604 posse
607 523 768 587 inde
833 519 1300 600 cognoscitur,
1366 519 1558 598 quod
1622 517 1815 598 apud
1862 516 2368 598 Hieronymum
2438 515 2527 578 ad
2575 531 2832 578 annum
2878 513 3039 576 Abr.

337 623 786 708 2104l843l90
833 626 1132 704 legimus
1179 622 1684 696 Quintilianum
1738 622 2045 703 primum
2092 620 2350 685 Romae
2396 619 2733 683 salarium
2781 638 2818 682 e
2865 617 3042 682 fisco

337 733 702 812 accepisse.
737 728 1106 805 Quomodo
1141 734 1373 792 autem
1402 727 1725 790 rhetores
1757 732 1922 789 tunc
1954 725 2283 790 honorati
2314 725 2474 802 sint,
2496 723 2925 802 intellegitur
2958 741 3041 785 ex

337 836 649 901 Suetonii
670 835 903 899 verbis
927 835 1127 915 Vesp.
1154 839 1268 895 17:
1303 829 1560 893 Ibimus
1583 827 2102 913 (Vespasianus)
2136 849 2167 890 e
2184 827 2347 909 fisco
2369 825 2622 891 Latinis
2646 824 3043 912 Graecisque

335 937 694 1002 rhetoribus
756 958 980 1001 annua
1047 944 1306 999 centena
1373 933 1708 999 constituit.
1772 935 2041 999 Deinde
2106 934 2438 998 Martialis
2509 953 2764 1018 pauper
2826 932 2896 994 11
2963 939 3041 992 90

338 1043 838 1116 Quintilianum
869 1047 966 1107 ita
1000 1043 1324 1125 appellat,
1354 1048 1432 1105 ut
1465 1060 1622 1104 eum
1654 1041 2072 1121 locupletem
2102 1039 2318 1103 fuisse
2352 1037 2905 1104 concludendum
2941 1039 3046 1100 sit.

337 1148 650 1228 Denique
697 1147 1045 1210 Ausonius
1092 1153 1268 1226 grat.
1315 1151 1442 1210 act.
1489 1145 1656 1208 VIII
1705 1151 1780 1205 31
1848 1144 2351 1219 Quintilianum
2398 1142 2883 1206 consularibus
2932 1161 3045 1205 or·

340 1253 681 1316 namentis
729 1255 1148 1315 honoratum
1193 1268 1344 1314 esse
1387 1255 1706 1314 testatur.
1770 1249 1906 1312 Sed
1953 1249 2168 1312 nihilo
2228 1251 2458 1311 minus
2505 1247 2877 1326 fuerunt,¹)
2914 1248 3047 1338 *qui

338 1358 611 1420 duobus
645 1359 750 1421 his
779 1358 952 1420 locis
979 1355 1477 1428 Quintilianum
1511 1357 1864 1419 rhetorem
1898 1354 2289 1434 significari
2322 1359 2674 1432 negarent.
2706 1353 2795 1415 Hi
2816 1353 3044 1432 legen-

339 1468 440 1524 tes
473 1465 978 1524 revocaverunt
1011 1460 1099 1523 ad
1131 1460 1428 1523 Plinium
1462 1459 1640 1541 Epp.
1674 1459 1766 1521 VI
1804 1461 1908 1534 323
1973 1458 2102 1520 hac
2136 1461 2315 1521 enim
2349 1460 2419 1521 in
2452 1457 2748 1539 epistula
2780 1457 3048 1524 Plinius

338 1565 769 1638 Quintiliano
818 1565 1090 1628 cuidam
1123 1565 1470 1646 promittit
1517 1581 1592 1627 se
1638 1563 1758 1640 illi,
1806 1569 1881 1626 ut
1926 1562 2147 1626 tiliam
2181 1562 2409 1626 Nonio
2444 1561 2671 1625 Celeri
2717 1562 2788 1624 in
2823 1564 3049 1624 matri-

338 1670 646 1733 monium
711 1668 878 1733 dare
924 1669 1168 1751 possit,
1236 1669 1740 1749 quinquaginta
1810 1669 1997 1730 milia
2044 1668 2443 1731 sestertium
2508 1666 2831 1729 daturum
2877 1685 3046 1731 esse.

338 1775 424 1839 At
455 1775 641 1838 hunc
671 1773 1174 1848 Quintilianum
1206 1792 1364 1837 non·
1384 1773 1680 1837 eundem
1713 1778 1921 1852 atque
1952 1770 2309 1836 rhetorem
2342 1771 2799 1835 clarissimum
2834 1772 3047 1834 fuisse

338 1882 627 1960 probari
673 1886 920 1960 potest.
936 1881 985 1958 2)
1051 1880 1222 1943 Nam
1281 1879 1752 1952 Quintilianus
1798 1876 2044 1942 rhetor
2088 1880 2254 1942 Inst.
2304 1896 2400 1941 or.
2448 1877 2579 1940 VII
2624 1895 2746 1956 pr„
2794 1877 2916 1940 ubi
2963 1877 3051 1940 de

339 2003 559 2048 uxore
623 1985 1000 2064 liberisque
1046 1987 1189 2047 suis
1237 1983 1562 2063 disputat,
1621 2000 1844 2062 neque
1890 1981 2082 2045 filiae
2128 2000 2352 2061 neque
2410 1981 2623 2044 Tutili
2670 1983 2913 2057 soceri,
2963 1981 3049 2044 de

340 2109 478 2170 quo
527 2090 596 2152 in
645 2090 942 2172 epistula
989 2089 1107 2152 illa
1155 2107 1384 2152 sermo
1435 2093 1559 2164 est,
1588 2090 2007 2152 mentionem
2056 2088 2238 2151 facit.
2286 2087 2525 2167 Neque
2556 2087 2617 2150 si
2662 2104 2820 2149 cum
2868 2086 3050 2149 Dod-

338 2194 563 2257 wellio
579 2194 629 2274 ³)
671 2190 1044 2276 'acciperes
1109 2193 1613 2265 Quintilianum
1679 2193 1970 2255 alteram
2034 2209 2329 2255 uxorem
2392 2195 2465 2254 in
2529 2191 3050 2255 matrimonium

341 2299 642 2376 duxisse,
677 2317 762 2363 ex
786 2316 920 2378 qua
951 2297 1171 2362 filiam
1198 2298 1589 2374 creavisset,
1623 2296 2005 2361 difficultas
2035 2296 2435 2370 tolleretur;
2469 2313 2627 2360 nam
2659 2313 2817 2359 cum
2848 2295 3051 2360 Insti-

339 2405 629 2467 tutionis
678 2403 1032 2467 oratoriae
1064 2403 1286 2467 libros
1322 2420 1504 2466 anno
1537 2403 1684 2466 fere
1717 2401 2177 2481 nonagasimo
2210 2409 2411 2465 sexto
2444 2400 2802 2465 confectos
2836 2401 3052 2480 esse⁴)

343 2515 412 2571 et
443 2509 651 2573 Plinii
697 2509 1064 2590 epistulam
1113 2509 1302 2572 illam
1353 2526 1535 2571 anno
1583 2507 1963 2572 centesimo
2012 2509 2307 2587 septimo
2342 2506 2667 2587 scriptam
2715 2523 2865 2570 esse
2895 2523 3052 2586 pro-

340 2612 572 2677 babile
606 2617 714 2686 sit,
763 2612 986 2677 filiam
1018 2614 1341 2678 undecim
1375 2615 1521 2677 fere
1568 2631 1790 2677 annos
1838 2618 2073 2676 natam
2108 2612 2358 2675 marito
2390 2611 2715 2692 nupsisse
2747 2615 3050 2674 statuen-

343 2718 506 2782 dum
571 2724 775 2799 esset,
841 2719 1033 2798 quod
1096 2736 1253 2782 cum
1301 2735 1496 2782 more
1543 2719 2019 2782 Romanorum
2067 2717 2440 2781 convenire
2500 2717 2708 2796 non-⁵)
2756 2715 3049 2779 videtur.

339 2823 526 2886 Nihil
553 2824 767 2902 igitur
796 2823 1042 2900 obstat,
1075 2821 1443 2904 quominus
1471 2823 1875 2886 Iuvenalem
1908 2822 2184 2886 duobus
2214 2821 2322 2884 his
2350 2820 2525 2885 locis
2546 2820 3049 2894 Quintilianum

341 2928 693 2992 rhetorem
737 2927 1178 3008 significasse
1227 2928 1780 3009 comprobemus.
1849 2929 2101 3004 Restat,
2149 2932 2227 2990 ut
2272 2927 2345 2989 in
2392 2932 2519 2990 sat.
2552 2925 2646 2988 VI
2678 2931 2758 2988 75
2792 2926 3053 2998 Quinti-

343 3033 606 3097 lianum
651 3031 866 3110 illum,
901 3050 1059 3095 cum
1105 3033 1253 3095 eius
1299 3051 1552 3096 nomen
1585 3051 1714 3114 pro
1749 3032 1906 3095 viro
1954 3030 2160 3112 gravi
2193 3038 2402 3110 atque
2430 3047 2679 3095 severo
2726 3037 3049 3112 ponatur,

340 3136 734 3218 significari
756 3154 966 3217 posse
987 3154 1408 3202 moneamus.
1429 3137 1658 3212 Quare
1680 3154 2098 3217 quamquam
2122 3141 2453 3216 quattuor
2472 3134 2582 3198 his
2601 3134 2778 3198 locis
2800 3154 2837 3199 a
2858 3136 3051 3199 Iuve-

341 3242 497 3306 nale
526 3240 1032 3315 Quintilianum
1080 3243 1434 3306 rhetorem
1481 3259 1630 3306 esse
1677 3243 2102 3306 intellectum
2138 3239 2677 3304 Friedlaendero
2725 3241 3053 3318 concedo,

342 3354 571 3410 tamen
606 3347 897 3410 multum
931 3347 1177 3411 abesse
1209 3347 1550 3425 existimo,
1597 3353 1676 3410 ut
1705 3347 1837 3411 hac
1885 3366 2019 3410 una
2052 3346 2140 3410 de
2170 3363 2381 3408 causa
2414 3341 2812 3409 Iuvenalem
2845 3343 3051 3417 Quin-

341 3451 582 3516 tiliano
630 3467 834 3514 usum
881 3469 1032 3515 esse
1063 3453 1400 3532 magistro
1447 3451 1588 3515 iam
1621 3452 2076 3515 concludatur
2108 3449 2220 3513 vel
2253 3468 2382 3530 pro
2416 3454 2610 3513 certo
2642 3449 3053 3514 affirmetur.

547 3557 794 3636 Itaque
850 3556 938 3620 ad
983 3560 1262 3620 saturas
1308 3557 1500 3637 ipsas
1551 3557 1946 3621 accuratius
1993 3555 2494 3620 examinandas
2542 3555 3053 3636 aggrediamur,

343 3661 762 3742 praesertim·
805 3678 960 3724 cum
1005 3663 1074 3739 ii,
1109 3661 1230 3742 qui
1277 3676 1392 3724 eas
1438 3667 1961 3742 enarraverunt,
2005 3659 2325 3725 versibus
2357 3658 2713 3725 Iuvenalis
2758 3659 3053 3740 singulis
3166 3741 3171 3746 ι

345 3766 729 3846 permultos
775 3764 974 3829 locos
1019 3764 1427 3838 Quintiliani
1474 3765 1992 3847 adscripserint.

555 3958 597 4022 ¹)
635 3957 781 4010 cont.
819 3955 1118 4024 Spaldingi
1157 3956 1458 4007 editionem
1496 3957 1523 4008 1
1559 3969 1616 4020 p.
1653 3955 1837 4008 xxx1
1874 3968 1955 4020 sq.
1994 3960 2055 4007 et
2082 3957 2206 4007 438.

551 4041 596 4109 ²)
632 4045 782 4094 cont.
834 4043 1234 4108 spaldingium
1271 4044 1308 4094 1.
1371 4043 1434 4104 l.;
1501 4043 1768 4095 Rothium
1823 4041 1971 4094 Suet.
2032 4045 2163 4095 1891
2221 4042 2479 4094 LXXVII
2532 4045 2621 4104 62,
2676 4041 2735 4092 Ο.
2788 4041 2845 4092 F.
2909 4041 3051 4092 Her-

345 4144 618 4194 mannum
656 4130 726 4182 de
761 4139 930 4198 temp.
968 4132 1093 4183 Iuv.
1129 4145 1184 4195 p.
1224 4131 1289 4182 17
1307 4141 1390 4206 sq.

554 4215 600 4285 ³)
627 4219 781 4282 apud
817 4218 1110 4284 Spalding.
1147 4219 1184 4273 1.
1224 4218 1262 4268 1.

553 4305 596 4370 ⁴)
630 4306 711 4358 De
747 4309 1002 4370 tempore
1025 4306 1137 4358 viri
1176 4305 1330 4356 docti
1355 4307 1462 4355 hoc
1499 4305 1667 4356 modo
1693 4304 2062 4357 dissentiunt:
2102 4303 2453 4354 Dodwellius
2487 4300 2651 4368 (Ana.
2698 4300 2869 4361 Quint.
2908 4301 3055 4352 Oxo·

346 4395 478 4444 niae
517 4395 651 4444 1698
689 4407 734 4444 c.
771 4395 1002 4458 περ.
1045 4395 1176 4444 1147
1195 4407 1279 4456 sq.
1321 4392 1633 4443 Burmanni
1659 4388 1958 4459 editionIs)
1987 4392 2367 4442 Institutionis
2404 4391 2685 4441 oratoriae
2710 4390 2888 4439 libros
2926 4393 3056 4438 ante

348 4492 562 4532 annum
599 4481 668 4531 94
712 4481 932 4544 publlei
968 4480 1112 4532 iuris
1146 4481 1328 4532 iactos
1361 4493 1480 4531 esse
1517 4480 1758 4543 colleglt.
1808 4481 1869 4530 A.
1906 4479 2115 4530 Beuter
2148 4477 2263 4542 (De
2304 4477 2615 4537 Quintiliani
2649 4475 2801 4542 libro,
2838 4476 2925 4538 qui
2947 4475 3059 4538 fm‘t

345 4565 411 4616 de
445 4565 622 4616 eaueiae
657 4573 935 4632 com-aptae
973 4567 1302 4636 chementias,
1323 4567 1704 4619 Vratlslaviae
1743 4569 1877 4620 1887
1914 4579 1968 4632 p.
2006 4569 2073 4617 43
2093 4563 2239 4632 sqq.)
2298 4567 2479 4616 libros
2519 4564 2853 4624 Quintiliani
2908 4563 3058 4612 intra

349 4657 629 4707 annos-33
667 4661 724 4708 et
757 4659 826 4708 94
863 4655 1046 4707 editos
1102 4668 1222 4708 esse
1275 4655 1475 4707 voluit.
1522 4656 1778 4709 Vollmer
1840 4656 1901 4705 in
1938 4655 2079 4706 Mus.
2118 4653 2296 4706 Rhen.
2335 4653 2509 4704 XLVI
2549 4655 2651 4704 343
2680 4665 2803 4714 sqq.
2845 4663 3056 4700 annum

348 4745 414 4792 96
452 4741 707 4794 defendit
743 4757 984 4807 eumque
1019 4743 1277 4806 sequitur
1312 4742 1550 4794 Schanz.
1592 4743 1650 4794 11
1689 4741 1748 4792 2²
1784 4757 1838 4805 p.
1878 4745 1995 4794 353.
2958 4761 2963 4772 ⁸

558 4830 600 4891 ⁸)
640 4830 1052 4882 Friedlaender
1091 4831 1162 4883 H.
1201 4831 1272 4880 M.
1313 4831 1373 4882 R.
1413 4831 1441 4880 1
1479 4833 1598 4880 565.

432 4927 778 4970 umus-auo·
799 4929 912 4976 »nu
931 4929 1120 4969 vindob.
1141 4927 1234 4968 vn.
1271 4932 1307 4965 a.
2789 4911 2852 4962 12
