3567 5109
1492 303 1925 367 „51-

560 496 768 547 Lucan.
809 496 852 555 1,
894 497 1017 547 124:
1059 494 1258 557 Erigit,
1293 495 1709 557 impatiensque
1745 496 1857 545 loci
1895 496 2126 547 fortuna
2160 498 2410 563 secundi,

806 583 848 646 1,
886 583 1013 632 357:
1053 582 1278 632 Laelius
1314 582 1650 643 emeritique
1684 596 1887 645 gerens
1923 583 2170 647 insignia
2208 585 2362 648 doni,

805 671 879 735 11,
917 672 1046 720 459:
1087 669 1375 731 Aequora:
1415 669 1793 733 nubiferoque
1829 672 1997 733 polus
2034 686 2160 721 cum
2198 674 2425 723 cesserit
2460 674 2632 735 Euro,

804 758 930 824 VII,
971 759 1094 807 188:
1132 757 1384 821 Adiacet,
1423 758 1865 821 Armeniumque
1902 759 2051 808 bibit
2086 760 2371 810 Romanus
2410 760 2667 822 Araxem,

801 846 926 903 VII,
965 847 1092 895 742:
1134 844 1242 894 Hic
1279 844 1442 894 iacet.
1481 846 1741 906 ansque
1777 851 2043 907 premunt
2078 848 2321 897 tentoria
2355 861 2540 915 gazas,

557 932 692 982 Stat.
734 935 778 997 I,
821 936 945 984 126:
987 932 1226 982 Instruit
1261 935 1659 995 exspectatque
1697 946 1899 983 sonum
1938 934 2231 983 redeuntis
2268 936 2463 1001 aratri,

557 1019 778 1069 Colum.
823 1021 886 1079 X,
927 1021 1018 1071 68:
1056 1019 1268 1069 Durior
1308 1024 1682 1081 aeternusque
1718 1025 1887 1069 vocat
1922 1020 2110 1071 labor:
2148 1022 2237 1071 eia
2275 1034 2377 1084 age
2414 1035 2625 1085 segnes,

819 1108 884 1172 X,
925 1109 1050 1157 114:
1087 1107 1210 1156 Iam
1249 1106 1415 1171 Siser,
1454 1107 1799 1170 Assyrioque
1836 1108 1995 1158 venit
2030 1122 2177 1170 quae
2212 1108 2425 1159 semine
2460 1110 2641 1175 radix,

817 1195 884 1258 X,
923 1196 1050 1245 297:
1089 1194 1318 1256 Carpite
1355 1194 1706 1257 narcissique
1745 1208 1934 1245 comas
1969 1196 2288 1257 sterilisque
2327 1197 2587 1261 balausti,

819 1284 884 1339 X,
920 1284 1050 1333 425:
1090 1281 1417 1333 claudimus
1455 1282 1815 1345 imperioque
1853 1287 1950 1332 tuo
1987 1296 2252 1345 paremus
2291 1289 2550 1345 agrestes,

558 1368 678 1417 Val.
721 1370 799 1419 Fl.
841 1369 969 1431 Arg.
1009 1368 1105 1431 IV,
1145 1370 1272 1418 245:
1327 1366 1574 1418 Protulit
1629 1369 2060 1431 horrendosque
2096 1369 2235 1421 toris
2273 1371 2615 1421 informibus
2653 1377 2823 1434 artus,

815 1456 908 1521 IV,
946 1458 1073 1507 351:
1115 1454 1330 1505 Exsilia
1367 1456 1708 1517 intentisque
1745 1457 1921 1507 canit:
1962 1454 2186 1507 ‘Videre
2223 1457 2478 1520 priores}

816 1543 878 1609 V,
913 1545 1042 1593 469:
1083 1542 1324 1605 Agmina
1361 1555 1843 1605 suppressumque
1889 1544 2045 1593 videt
2091 1544 2201 1593 iam
2250 1556 2507 1593 murmur
2546 1545 2729 1609 Iason,

559 1630 780 1679 Colum.
819 1630 886 1694 X,
925 1632 1018 1679 73:
1055 1630 1138 1679 Ne
1175 1630 1376 1680 dubita
1411 1643 1743 1692 summoque
1783 1626 1861 1697 [at
1898 1628 2069 1682 codd.:
2110 1635 2162 1680 et
2198 1632 2435 1693 summo]
2464 1632 2785 1693 frequentia

1049 1718 1294 1779 caespite
1329 1717 1508 1783 mista,

815 1806 879 1867 X,
919 1808 1012 1856 99:
1046 1804 1160 1854 Ora
1195 1804 1305 1854 feri
1340 1806 1692 1867 calathisque
1730 1805 1976 1871 virentia
2013 1806 2135 1855 lilla
2174 1808 2349 1871 canis,

814 1895 879 1957 X,
918 1895 1048 1943 245:
1085 1894 1409 1943 Nascuntur
1443 1894 1760 1956 gracilique
1800 1893 2108 1943 melanthia
2146 1900 2307 1957 grata
2345 1895 2589 1958 cumino,

811 1980 875 2045 X,
914 1982 1042 2030 262:
1081 1980 1392 2031 Caelitibus
1429 1980 1763 2043 templisque
1804 1980 2083 2031 Sabaeum
2122 1982 2317 2031 miscet
2353 1982 2606 2037 odorem.

811 2066 875 2125 X,
915 2068 1043 2116 398:
1084 2065 1278 2117 Dulcis
1315 2066 1424 2115 erit
1460 2068 1737 2129 riguoque
1773 2068 2044 2118 madescit
2077 2069 2261 2118 luteus
2301 2081 2458 2131 arv0,

815 2155 874 2217 X,
912 2155 1041 2205 250:
1082 2154 1374 2204 Achrados
1409 2154 1836 2217 indomitasque
1872 2155 2147 2217 bryonias
2186 2156 2385 2219 alligat
2420 2157 2597 2206 alnos.

328 2260 614 2331 Quibus
663 2260 1030 2338 adiungam
1079 2276 1345 2337 versuS,
1405 2277 1580 2338 quos
1628 2261 1696 2321 in
1748 2259 2014 2322 Paulini
2064 2261 2486 2323 carminibus
2533 2265 2844 2341 repperi:

811 2364 872 2429 V,
911 2366 1002 2413 77:
1042 2364 1320 2425 Tempora
1359 2366 1768 2425 cunctaturque
1808 2364 1942 2422 dies,
1982 2366 2179 2428 procul
2220 2366 2382 2427 exige
2416 2378 2668 2430 saevum,

817 2452 882 2515 X,
924 2453 1048 2501 163:
1085 2450 1274 2500 sidera
1309 2455 1736 2513 spectantesque
1773 2452 1937 2501 deum
1976 2452 2212 2515 verique
2248 2453 2551 2517 profunda,

814 2537 960 2596 XIV,
1002 2540 1126 2589 121:
1164 2538 1387 2601 suscipe
1425 2538 1875 2600 commendaque
1915 2539 2036 2595 deo,
2076 2543 2137 2589 ut
2174 2552 2301 2589 cum
2340 2540 2540 2590 sedula
2576 2554 2729 2599 cura,

813 2625 962 2690 XVI,
1000 2627 1130 2676 237:
1169 2636 1418 2674 crescere
1444 2630 1790 2687 testaturque
1827 2627 1947 2675 seni
1987 2640 2147 2689 mage
2187 2626 2377 2677 debita
2416 2628 2639 2693 Quinto,

809 2711 1020 2775 XVIII,
1057 2712 1187 2762 305:
1226 2710 1478 2761 vindicet
1515 2715 1869 2774 aequatoque
1905 2716 2065 2761 tuum
2105 2712 2409 2763 libramine
2448 2719 2677 2771 constet,

813 2800 961 2864 XXI,
999 2800 1091 2849 45:
1129 2811 1364 2849 munera
1402 2798 1769 2861 privatosque
1804 2812 2003 2849 canam
2043 2799 2245 2849 Felicis
2280 2801 2541 2868 honores,

813 2886 962 2944 XXI,
999 2889 1092 2937 94:
1131 2886 1374 2948 gaudeat
1410 2886 1782 2949 hospitiisque
1819 2886 1937 2937 suis
1972 2891 2027 2936 et
2064 2900 2300 2949 corpore
2336 2892 2393 2937 et
2428 2901 2540 2955 ore,

809 2974 954 3039 XXI,
993 2976 1118 3024 834:
1159 2974 1398 3024 moenia.
1437 2973 1750 3035 Felicisque
1786 2974 1916 3023 sinu
1957 2975 2240 3040 gaudente
2278 2976 2509 3037 locatos,

815 3060 1026 3123 XXIII,
1065 3062 1192 3111 169:
1233 3060 1440 3110 ducere
1477 3061 1931 3123 palpebramque
1968 3062 2085 3111 levi
2120 3060 2455 3112 suffundere
2490 3067 2687 3127 tractu,

813 3148 880 3211 V,
917 3151 976 3198 3:
1013 3148 1298 3211 principio
1337 3151 1706 3210 extremoque
1743 3161 1943 3197 carens
1980 3148 2272 3210 antiquior
2308 3150 2453 3214 aevi,

813 3235 1023 3301 XVIII,
1059 3239 1150 3287 99:
1191 3236 1499 3285 daemonas
1533 3233 1889 3299 invictosque
1926 3238 2079 3298 rapit
2116 3237 2439 3299 frustraque
2476 3239 2694 3304 rebelli,

813 3322 962 3388 XIX,
999 3324 1125 3372 477:
1165 3336 1267 3371 nec
1303 3322 1448 3385 fugit
1482 3322 1923 3385 impavidusque
1958 3328 2162 3374 manet.
2203 3324 2362 3387 Tegit
2398 3337 2510 3374 una
2549 3326 2833 3389 latentem,

815 3408 1070 3475 XXVIII,
1110 3411 1236 3460 248:
1275 3410 1530 3471 corporis
1567 3408 1925 3471 evictamque
1960 3422 2093 3459 suae
2132 3411 2303 3460 draco
2342 3410 2569 3460 duxerit
2606 3424 2783 3476 escae,

815 3497 916 3559 Ep.
955 3498 1074 3562 290,
1110 3499 1168 3546 3:
1206 3498 1512 3547 cantharus
1548 3497 1976 3559 intrantumque
2013 3510 2215 3547 manus
2250 3498 2410 3547 lavat
2444 3510 2607 3548 amne
2646 3499 2921 3551 ministr0.

557 3604 865 3663 Primum
957 3600 1198 3663 videre
1289 3620 1430 3663 non
1521 3618 1827 3681 possum,
1924 3620 2057 3680 qua
2147 3601 2231 3663 de
2310 3620 2511 3664 causa
2584 3605 2656 3664 in
2732 3606 3055 3668 versibus

325 3707 591 3773 XVIII,
649 3712 766 3767 107
834 3712 902 3766 et
965 3708 1086 3765 253
1154 3710 1221 3766 et
1286 3703 1548 3767 Colum.
1598 3703 1676 3777 X,
1726 3710 1839 3780 73;
1913 3713 2024 3780 993
2100 3709 2255 3782 2453
2309 3710 2465 3781 2623
2530 3713 2651 3767 398
2700 3710 3059 3773 statuenda

327 3814 434 3873 sit
482 3827 769 3872 caesura
811 3810 1318 3887 semiquinaria,
1369 3827 1522 3870 cum
1556 3810 1806 3870 horum
1841 3828 2171 3870 versuum
2206 3808 2431 3872 forma
2466 3812 2744 3872 minime
2780 3812 3059 3875 differat

329 3937 372 3979 a
439 3933 793 3993 versuum,
841 3932 1034 4001 ‘quos
1082 3932 1295 3992 supra
1359 3915 1745 3989 attulimus3
1801 3933 2013 3992 quare
2062 3922 2330 3977 exstare
2381 3934 2731 3978 caesuram
2782 3918 3053 3979 tertiam

329 4015 777 4083 trochaicam
802 4038 953 4081 cum
999 4020 1482 4081 semiternaria
1518 4020 1750 4081 addita
1788 4020 2122 4081 incisione
2160 4020 2471 4082 bucolica
2502 4027 2689 4099 puto.
2730 4022 3056 4084 Eiusdem

327 4126 624 4204 generis
672 4117 824 4187 esse
873 4125 1124 4203 opinor
1172 4142 1419 4186 versus
1466 4122 1644 4185 Silii:

805 4244 963 4309 VIII,
1002 4248 1094 4295 75:
1133 4245 1352 4295 Attollit
1389 4245 1624 4306 mitique
1663 4258 1834 4295 manu
1873 4246 2025 4295 intra
2060 4246 2265 4295 limina
2303 4246 2475 4309 ducit,

809 4334 874 4397 X,
914 4334 1039 4383 309:
1079 4333 1322 4383 Pulchra
1361 4334 1533 4382 decus
1569 4334 1832 4394 misitque
1871 4333 1982 4382 viri
2020 4333 2167 4382 inter
2204 4334 2392 4383 sidera
2428 4346 2651 4387 nomen,

333 4457 569 4517 neque
636 4457 792 4500 cum
859 4438 1192 4501 Muellero
1241 4439 1442 4515 faci0,
1492 4441 1609 4518 qui
1673 4440 1744 4500 in
1810 4439 1915 4500 his
1963 4440 2281 4501 versibus
2330 4458 2683 4501 caesuram
2743 4443 2811 4502 in
2862 4446 3059 4505 tmesi

333 4539 582 4625 infltm
615 4550 682 4605 et
729 4540 946 4627 inntev·
990 4546 1228 4606 statuit
1275 4544 1389 4623 (cf.
1438 4562 1501 4622 p.
1553 4543 1724 4620 462).

553 4647 820 4714 Deinde
877 4650 948 4713 in
995 4648 1333 4723 versibUS,
1400 4647 1651 4729 quibus
1707 4656 1813 4712 est
1875 4666 2158 4715 caesura
2219 4650 2803 4729 semiseptenaria,
2866 4650 3060 4717 deest

339 4774 516 4825 vero
567 4758 1066 4839 semiternaria,
1133 4756 1314 4845 apud
1364 4772 1602 4826 omnes
1648 4755 1891 4847 poetas
1956 4758 2197 4829 miram
2246 4758 2639 4827 invenimus
2689 4756 3055 4836 aequabili·

2772 4856 2847 4923 4*
