3567 5109
1727 287 2173 350 ...96-

592 497 789 562 sit-ate
856 503 1155 563 coactum
1215 495 1596 580 Augustino
1662 519 1805 563 esse
1872 498 2247 578 molestum,
2315 499 2493 582 quod
2556 499 2911 576 neminem,
2976 499 3087 581 qui
3160 496 3326 562 illas

593 605 1014 688 quaestiones
1045 603 1342 682 solveret,
1369 606 1693 671 invenerit
1707 608 1745 670 ¹.
1780 603 2199 689 Augustinus
2229 613 2467 686 autem,
2502 627 2898 690 quamquam
2914 605 3329 670 Dioscorum

595 711 882 793 graviter
925 713 1245 794 increpat,
1295 711 1473 796 quod
1517 715 1890 798 episcopum
1936 715 2373 778 ecclesiasticis
2417 714 2596 778 curis
2631 713 3329 797 circumstrepentibus

591 819 964 884 districtum
1005 825 1198 903 atque
1233 820 1589 885 distentum
1633 827 1891 904 repente
1934 820 2129 905 quasi
2170 821 2718 885 obsurdescentem
2752 820 2835 884 ab
2870 819 2973 884 his
3006 818 3330 882 omnibus

589 926 877 990 cohibeat
917 933 1128 1011 atque,
1167 933 1246 990 ut
1276 926 1682 1011 dialoycmtm
1723 928 2179 992 Tullianorum
2214 927 2745 1012 quaestiunculas
2780 927 2909 990 nni
2938 925 3327 990 scholastico

592 1039 890 1116 exponat,
927 1035 1230 1116 postulet,
1287 1039 1508 1098 tamen
1565 1054 1634 1098 se
1691 1032 1967 1098 multum
2020 1033 2334 1116 temporis
2381 1033 2449 1098 in
2495 1031 2682 1098 libris
2727 1030 2860 1097 illis
2902 1029 3200 1116 legendis
3250 1039 3329 1096 et

590 1137 1050 1222 intellegendis
1098 1141 1580 1222 consumpsisse
1627 1140 1891 1205 minime
1937 1147 2157 1224 negat.

810 1244 1054 1312 Scribit
1101 1247 1302 1310 enim:
1395 1245 1929 1328 Quandoquidem
1973 1247 2095 1328 hic,
2160 1269 2287 1332 quo
2340 1248 2427 1311 ad
2468 1267 2545 1311 ea
2586 1245 2889 1311 discenda
2932 1246 3189 1326 venisti,
3256 1250 3329 1308 et

591 1353 837 1419 Romae
874 1358 1175 1436 expertus
1211 1375 1293 1434 es,
1331 1374 1533 1437 quam
1567 1354 1965 1437 negleyenter
2000 1354 2365 1418 habeantur
2392 1360 2452 1418 et
2486 1354 2565 1418 ob
2594 1354 2709 1418 hoc
2736 1373 2941 1436 neque
2964 1353 3327 1417 doceantur

593 1481 797 1543 neque
841 1459 1214 1538 diseantm·‚·
1281 1466 1344 1524 et
1385 1461 1460 1524 in
1507 1459 1740 1543 Africa
1783 1482 1988 1544 usque
2032 1461 2187 1526 adeo
2230 1463 2305 1526 de
2349 1461 2453 1526 his
2497 1462 3026 1544 interroyatorem
3064 1460 3325 1544 pateris

593 1567 939 1647 neminem,
985 1572 1066 1630 ut
1107 1587 1188 1630 ne
1235 1572 1291 1630 te
1335 1566 1558 1650 ipsum
1593 1567 1743 1651 quis
1779 1567 2100 1652 patiatur,
2150 1569 2448 1632 invenias
2492 1589 2687 1652 eaque
2734 1566 2959 1651 inopia
3002 1566 3326 1650 episcopis

593 1673 970 1756 exponenda
1013 1694 1090 1736 ea
1131 1672 1384 1736 mittere
1435 1674 1700 1756 coyams,
1756 1675 1953 1758 quasi
2008 1695 2149 1738 vero
2202 1675 2319 1738 isti
2370 1674 2653 1758 episcopi
2662 1673 2707 1756 ²,
2763 1674 3077 1738 etiamsi
3124 1674 3319 1737 adu-

597 1781 964 1844 lescentes
1002 1781 1266 1857 eodem,
1309 1801 1456 1863 quo
1495 1785 1578 1844 tu
1621 1781 1947 1863 raperis,
1994 1781 2249 1845 animi
2290 1783 2565 1845 ardore
2616 1781 3021 1866 velpotaessas
3059 1801 3325 1844 errore

595 1886 826 1970 quasi
885 1885 1195 1970 aliquid
1251 1907 1612 1970 maynum
1675 1888 1854 1952 haec
1906 1889 2195 1952 discere
2256 1894 2663 1969 curarunt,
2730 1909 2933 1971 usque
2984 1888 3073 1951 ad
3123 1909 3325 1950 canos

595 1993 984 2077 episcopales
1028 1999 1090 2057 et
1135 2015 1336 2078 nsque
1379 1995 1468 2060 ad
1500 1995 1833 2058 cathedras
1870 1995 2323 2060 ecclesiasticas
2358 2017 2433 2060 ea
2468 1995 2600 2060 sibi
2632 1996 2711 2059 in
2736 1994 3053 2059 memoria
3078 1995 3323 2057 clm-arf-

587 2105 974 2184 paterentur
1027 2107 1162 2182 aut,
1217 2101 1281 2164 si
1331 2102 1466 2185 ipsi
1522 2102 1764 2183 vellent,
1828 2123 1965 2166 non
2020 2103 2137 2167 illa
2198 2103 2397 2167 etiam
2456 2104 2533 2166 de
2594 2103 2959 2166 invitorum
3018 2101 3327 2165 cordibus

595 2229 790 2270 carae
833 2206 1113 2272 maiores
1161 2229 1280 2292 yra
1290 2209 1615 2292 rioresque
1666 2209 2064 2274 secluderent
2122 2214 2258 2290 aut,
2314 2209 2380 2273 si
2420 2209 2647 2294 aliqua
2692 2230 2770 2273 ex
2814 2209 2906 2272 eis
2948 2209 3025 2272 in
3070 2207 3325 2272 animis

597 2334 820 2378 eorum
865 2314 1080 2380 nimia
1125 2316 1585 2380 emi-suetudine
1631 2323 2057 2396 remanerent,
2104 2337 2241 2380 non
2286 2317 2484 2380 etiam
2520 2317 2669 2400 ipsa
2704 2315 3018 2380 oblivione
3054 2315 3325 2398 sepelire

597 2421 866 2485 mallent
917 2422 1248 2485 recordata
1292 2443 1492 2505 quam
1535 2423 1788 2506 ineptia
1832 2424 2210 2506 respondere
2255 2424 2568 2506 quaesita,
2614 2443 2766 2487 cnm
2808 2423 2887 2486 in
2928 2421 3078 2506 ipsa
3122 2421 3321 2485 etiam

593 2528 877 2592 scholari
931 2529 1182 2592 lez-itate
1236 2533 1296 2591 et
1347 2529 1683 2592 rhetoricis
1736 2531 2055 2594 cathedris
2100 2530 2196 2595 ita
2240 2530 2637 2594 obmutuisse
2680 2535 2872 2614 atque
2916 2527 3326 2612 obtorpuisse

603 2634 961 2718 rideantur,
1014 2641 1089 2699 nt
1129 2657 1172 2700 a
1216 2634 1603 2718 Carthayine
1629 2636 2023 2720 Hipponem,
2070 2658 2198 2720 quo
2232 2637 2475 2720 exponi
2498 2637 2777 2720 possint,
2828 2635 3141 2700 mittenda
3176 2635 3321 2699 eri-

595 2743 948 2810 ste'ment‘ur
988 2794 1002 2809 .
1049 2795 1062 2807 .
1109 2793 1123 2808 .
1201 2741 1730 2806 Chm'stianorum
1777 2743 1924 2806 tibi
1968 2743 2297 2806 basilica
2342 2743 2914 2828 Hipponiensis
2960 2743 3323 2810 occurrit.

597 2852 784 2938 quia
850 2851 932 2914 in
993 2871 1078 2914 ea
1141 2871 1350 2913 itanc
1410 2851 1616 2912 sedet
1675 2850 2101 2933 episcopus,
2166 2850 2306 2934 qui
2366 2851 2791 2934 aliqnando
2852 2850 3003 2914 ista
3048 2849 3327 2934 pueris

603 2957 911 3024 rendidi
921 2962 963 3021 t.
1021 2956 1148 3020 Sed
1188 2976 1304 3020 nec
1351 2961 1407 3020 te
1458 2957 1590 3020 roto
1635 2977 1766 3020 esse
1809 2955 2023 3020 adhuc
2057 2977 2349 3040 puerum
2383 2962 2445 3020 et
2490 2979 2587 3022 me
2622 2956 2759 3020 iam
2796 2977 2926 3020 esse
2955 2955 3323 3040 puerile'mn

601 3087 750 3129 reru
758 3085 824 3127 m
867 3063 1040 3127 sieut
1083 3083 1217 3126 non
1263 3062 1674 3143 venditorem,
1723 3063 1817 3126 ita
1863 3085 1978 3126 nec
2026 3063 2395 3146 laryitorem
2438 3063 2609 3128 decet
2648 3113 2963 3128 ......
2976 3061 3001 3100 ³

814 3169 970 3252 Ipse
1014 3169 1216 3252 igitur
1269 3173 1552 3233 testatur
1594 3191 1661 3233 se
1708 3169 1782 3233 in
1827 3170 2169 3254 disczpulis
2214 3170 2586 3234 erudiendis
2639 3169 2963 3234 Ciceronis
3008 3169 3193 3232 libris
3240 3170 3333 3230 ml

597 3283 804 3343 artem
854 3277 1238 3340 rhetoricam
1280 3277 1722 3360 spectantibus
1758 3299 1959 3340 nsum
1994 3298 2125 3342 esse
2160 3276 2493 3359 librosque
2530 3275 2681 3340 illos
2720 3297 2789 3340 se
2826 3276 2922 3340 ita
2948 3273 3333 3340 intellectos

600 3384 992 3467 penitusque
1041 3387 1384 3464 perceptos
1429 3381 1757 3461 habuisse,
1804 3389 1880 3447 ut
1925 3389 2275 3465 propterea
2320 3382 2621 3448 omnibus
2668 3381 3089 3448 admirationi
3126 3388 3325 3460 esset,

602 3509 816 3574 neque
863 3487 1344 3572 longinquitate
1389 3489 1706 3572 temporis
1753 3510 1965 3572 neque
2014 3489 2424 3573 gravioribus
2472 3491 2646 3554 curis
2690 3509 2904 3571 neque
2952 3486 3187 3552 studiis
3236 3487 3325 3552 ab

479 3631 486 3640 ·
600 3597 702 3673 iis,
751 3595 986 3678 quibus
1033 3615 1104 3659 se
1151 3594 1539 3660 adulescens
1589 3595 1898 3674 dedisset,
1944 3617 2212 3680 prorsus
2259 3596 2495 3662 alienis
2542 3595 2843 3660 effectum
2892 3615 3053 3674 esse,
3101 3601 3177 3659 ut
3212 3593 3327 3660 Oi-

603 3701 861 3767 ceronis
906 3701 1021 3766 illa
1071 3707 1424 3784 praecepta
1471 3723 1504 3767 e
1555 3703 1870 3768 memoria
1916 3702 2361 3769 evellerentur.

817 3807 1127 3873 Pluribus
1193 3813 1366 3873 certe
1424 3809 1637 3874 causis
1683 3809 2102 3894 Augustinus
2160 3809 2486 3876 adductus
2532 3816 2651 3890 est,
2718 3815 2794 3874 ut
2837 3810 2907 3874 in
2952 3810 3329 3892 praeceptis

604 3920 764 3981 artis
813 3913 1078 3980 dicendi
1120 3914 1462 3980 tradendis
1512 3915 1840 3982 Ciceronis
1884 3917 2160 4000 vestigia
2204 3922 2542 3999 premeret.
2616 3915 2861 3982 Nonne
2906 3915 3099 3980 huius
3144 3915 3326 3980 Hor-

603 4023 856 4088 tensius
910 4023 1126 4105 ipsum
1173 4019 1660 4088 adulescentem
1716 4023 1807 4088 ad
1850 4043 2139 4088 amorem
2196 4022 2651 4106 philosophiae
2699 4019 3141 4088 excitaverat?
3189 4043 3327 4087 non

607 4129 944 4196 Ciceronis
1009 4126 1179 4208 libri,
1248 4128 1483 4213 quibus
1531 4129 2073 4213 philosophorum
2120 4131 2541 4197 continentur
2596 4135 2971 4214 praecepta,
3032 4128 3328 4194 studium

603 4235 768 4301 illud
815 4237 1224 4301 nutriverant
1270 4241 1466 4320 atque
1516 4235 1859 4304 foverant?
1926 4233 2104 4320 Quid
2147 4238 2349 4322 igitur
2396 4237 2649 4316 mirum,
2698 4237 2876 4320 quod
2920 4235 3327 4319 Augustino,

821 4432 841 4467 ²
875 4433 981 4501 Ep.
1015 4433 1114 4487 117
1153 4434 1288 4500 (vol.
1319 4433 1596 4488 XXXIV.
1634 4433 1719 4488 ed.
1751 4433 1964 4500 vind.).

819 4521 842 4556 ²
879 4522 1232 4592 Augustinus
1277 4527 1446 4592 atque
1484 4523 1740 4591 Alypius,
1797 4523 1866 4576 de
1914 4541 2024 4591 quo
2071 4523 2167 4577 ille
2204 4525 2263 4576 in
2300 4523 2727 4578 Confessionum
2774 4522 2904 4576 libri
2944 4521 3031 4576 VI
3070 4537 3117 4574 c.
3148 4521 3329 4576 7—12

604 4612 785 4665 multa
819 4616 1028 4664 narrat.
1076 4611 1184 4681 Qui
1223 4629 1350 4666 cum
1389 4612 1710 4680 Augustino
1747 4612 1945 4666 eodem
1983 4612 2073 4666 die
2112 4613 2428 4682 baptizatus
2466 4618 2664 4681 postea
2700 4613 2759 4666 in
2794 4611 2993 4664 Africa
3028 4609 3328 4678 episcopus

605 4699 789 4753 factus
826 4703 928 4752 est.

823 4786 845 4820 ³
881 4785 984 4856 Ep.
1019 4787 1137 4856 118,
1176 4789 1226 4855 2,
1264 4788 1297 4842 9
