3567 5109
1469 271 1937 334 -135-

351 465 584 535 artem,
651 481 786 524 non
845 463 1196 524 scientiam
1265 468 1628 541 vocaverit,
1695 465 2152 544 explicavisse
2222 467 2311 528 sit
2357 467 2799 544 sumendum;
2871 469 3058 548 quod

351 583 489 626 non
538 567 794 644 paucis,
859 567 988 628 sed
1041 567 1519 647 compluribus
1584 569 1816 631 verbis
1864 575 2196 632 tractasse
2263 570 2557 648 videtur,
2606 573 2795 651 quod
2851 572 3058 644 Quin-

353 669 645 743 tilianuS,
677 677 1042 749 postquam
1089 675 1378 751 primam
1412 673 1637 734 attulit
1683 677 2106 750 sententiam,
2142 677 2377 754 pergit
2410 677 2540 738 ita:
2584 673 2831 737 Deinde
2858 673 3062 758 pavlo

348 778 524 851 post:
571 791 692 830 nou
729 773 897 832 enim
945 793 1005 851 q.
1055 793 1105 836 s.

561 877 836 940 Celsum
882 878 1097 957 igitur
1143 882 1530 942 accuratius
1574 879 1658 943 de
1705 883 2087 945 rhetoricae
2134 883 2277 946 fine
2334 889 2399 944 et
2444 884 2713 946 ratione
2763 883 3059 963 disputa-

353 985 534 1044 visse
598 984 746 1044 veri
811 983 1032 1044 simile
1099 991 1220 1046 est.
1284 983 1431 1054 Qua
1497 988 1566 1045 in
1630 1003 1706 1046 re
1771 1003 1927 1048 eum
1977 988 2269 1049 aliorum
2319 1005 2595 1066 quoque
2643 989 3059 1067 scriptorum

354 1087 728 1148 sententias
775 1089 1089 1150 attulisse
1143 1092 1410 1167 opinor,
1469 1089 1541 1150 id
1589 1089 1775 1166 quod
1835 1109 1987 1151 eum
2039 1091 2107 1150 in
2158 1093 2354 1154 libris
2403 1092 2489 1154 de
2536 1092 2871 1155 Medicina
2916 1109 3061 1153 ser-

351 1192 523 1252 vatis
555 1208 1050 1269 saepenumero
1085 1189 1336 1254 fecisse
1367 1191 1703 1255 videmus,
1735 1194 1978 1271 Itaque
2008 1193 2166 1256 fieri
2216 1197 2459 1273 potuit,
2494 1202 2571 1257 ut
2598 1194 3063 1267 Quintilianus

354 1295 690 1372 quaedam
746 1313 831 1357 ex
880 1297 1030 1357 eius
1073 1295 1278 1358 libris
1333 1296 1655 1360 hauriret.

565 1399 809 1462 Celsus
841 1402 910 1471 in
943 1399 1084 1463 fine
1130 1403 1510 1464 rhetoricae
1544 1401 2007 1464 describendo
2042 1403 2538 1482 Hermagoram
2590 1411 2866 1465 secutus
2912 1419 3063 1466 esse

355 1510 420 1565 et
483 1504 708 1582 ipsius
773 1503 990 1567 libros
1054 1505 1328 1567 videtur
1375 1506 1746 1568 evolvisse.
1814 1507 1983 1570 Nam
2050 1525 2203 1569 cum
2251 1506 2698 1586 Augustinus,
2746 1525 2951 1586 quem
3000 1514 3067 1570 et

357 1607 488 1670 hoc
553 1615 620 1670 et
664 1608 898 1672 multis
946 1610 1096 1671 aliis
1141 1611 1312 1672 locis
1377 1629 1462 1672 ex
1513 1611 1940 1690 Hermagora
2006 1613 2317 1674 hausisse
2364 1618 2647 1688 constat,
2696 1612 2778 1674 ad
2828 1611 3067 1674 civiles

356 1716 794 1790 quaestiones
861 1714 1298 1792 explicandas
1349 1722 1620 1794 praeter
1669 1717 1797 1778 alia
1861 1715 2027 1779 haec
2076 1716 2421 1779 adscribat
2468 1717 2557 1795 (p.
2612 1723 2749 1791 138,
2816 1723 2893 1777 34
2917 1719 3062 1794 sa.):

355 1813 522 1876 Sunt
575 1825 785 1876 autem
831 1815 1047 1877 civiles
1111 1820 1522 1902 quaestiones,
1589 1841 1865 1905 quarum
1924 1823 2279 1903 perspectio
2325 1820 2395 1879 in
2443 1839 2825 1880 communem
2868 1820 3073 1880 animi

357 1921 818 2002 conceptionem
879 1930 1080 2003 potest
1126 1921 1364 2000 cadere,
1431 1921 1600 2008 quod
1650 1921 1885 1985 Graeci
1944 1925 2171 2005 κοινὴν
2216 1924 2482 1987 ἔννοιαν
2526 1931 2772 1987 vocant.
2840 1921 3064 1984 Verum

355 2033 426 2085 ut
464 2021 747 2109 j'aciliue
795 2024 1214 2110 intelleyatur,
1261 2049 1425 2113 quae
1467 2029 1550 2089 sit
1593 2029 1744 2090 haec
1798 2030 1948 2112 ipsa
1996 2027 2305 2106 condicio,
2350 2049 2541 2114 qua-m.
2573 2025 3065 2091 demonstratam

357 2151 484 2192 esse
530 2127 839 2208 volu-mus,
887 2132 1102 2192 onmia
1155 2153 1587 2218 quaecumque
1629 2132 1821 2194 buius
1863 2130 2039 2195 modi
2085 2141 2249 2208 sunt,
2312 2141 2383 2193 ut
2427 2155 2502 2192 ea
2547 2133 2783 2193 nescire
2818 2129 3074 2215 pudori

355 2235 462 2311 eit,
506 2242 564 2294 et
617 2255 776 2316 quae
821 2232 920 2296 vel
979 2237 1360 2319 ignorantes,
1423 2237 1618 2322 quasi
1674 2237 1947 2298 sciamus
2008 2245 2234 2314 tamen,
2282 2258 2425 2296 cum
2468 2234 2873 2298 simulatione
2914 2257 3071 2318 prae

357 2338 536 2402 nobis
583 2343 895 2427 ferimus,
955 2345 1620 2429 quotienscumque
1699 2345 1776 2404 in
1853 2341 2399 2405 dubitationem
2462 2350 2865 2418 vocantur,
2935 2341 3071 2426 effi-

358 2443 538 2506 ciunt
581 2444 832 2508 civilem
885 2448 1326 2532 quaestionem,
1391 2450 1483 2530 (p.
1539 2457 1680 2526 139,
1737 2451 1843 2528 10)
1906 2456 1973 2508 et
2036 2446 2201 2508 ideo
2248 2448 2922 2533 quotienscumque
2992 2446 3071 2506 in

359 2547 922 2612 dubitationem
969 2561 1329 2616 venerunt
1351 2601 1617 2616 ........
1656 2556 1744 2632 (v.
1784 2555 1907 2630 18).
1951 2551 2035 2613 Et
2066 2549 2308 2613 idcirco
2350 2570 2509 2632 quae
2551 2547 3073 2610 dubitationes

357 2653 426 2714 in
473 2653 668 2715 huius
697 2651 868 2717 modi
897 2654 1080 2718 rebus
1109 2658 1430 2732 oriuntur,
1464 2655 1744 2718 civiles
1778 2662 2090 2718 vocantur
2123 2656 2537 2741 quaestione-9,
2574 2673 2735 2718 sane
2768 2654 3073 2718 Cornelii

362 2761 770 2824 verborum:
823 2761 894 2822 in
935 2758 1134 2822 dubia
1183 2759 1356 2824 civili
1400 2763 1669 2824 materia
1713 2765 2182 2826 admonemur.

437 2943 442 2948 η
569 2867 794 2938 Quare
873 2863 1114 2928 Celsus
1181 2866 1650 2946 Hermagorae
1725 2865 1934 2929 verba
1996 2865 2291 2928 πολιτικὰ
2338 2866 2653 2946 ζητήματα
2707 2862 2943 2926 verbis
3004 2859 3074 2924 in

364 2967 564 3030 dubia
611 2965 786 3030 civili
815 2969 1106 3045 materia,
1147 2987 1354 3034 voces
1379 2971 1795 3032 διατίθεσθαι
1837 2977 2179 3043 πειστικῶς
2221 2970 2517 3032 vocibus
2558 2965 2773 3030 dicere
2810 2987 3077 3049 persua-

363 3071 1164 3154 sibiliter‘interpretatus
1196 3077 1468 3138 videtur
1499 3093 1666 3138 esse.
1701 3075 1929 3146 Quid?
1966 3075 2215 3136 mirum
2238 3091 2469 3136 nonne
2502 3079 2702 3149 esset,
2734 3075 2793 3134 si
2813 3072 3076 3144 Quinti-

364 3181 591 3243 lianus
647 3178 890 3242 eadem
938 3181 1148 3242 verba
1195 3179 1612 3242 διατίθεσθαι
1670 3187 2007 3252 πειστικῶς
2055 3180 2300 3242 eodem
2348 3179 2556 3241 modo
2606 3180 2928 3240 vertisset
2977 3177 3074 3255 (II

370 3292 468 3362 15,
521 3285 654 3362 14),
707 3289 1117 3364 praesertim
1166 3305 1320 3349 cum
1387 3286 1804 3348 διατίθεσθαι
1869 3304 2008 3349 non
2056 3293 2371 3348 accurate
2414 3285 2831 3364 respondeat
2876 3301 3073 3346 voca·

366 3389 534 3451 bulo
601 3384 862 3449 dicere?
907 3389 1135 3462 Quare
1199 3390 1475 3453 Celsum
1543 3391 1674 3452 hoc
1722 3390 1879 3451 loco
1928 3393 2077 3452 eius
2124 3407 2275 3452 esse
2322 3394 2673 3452 auctorem
2718 3388 2885 3449 mihi
2930 3389 3074 3449 veri

364 3493 791 3555 simillimum
857 3499 980 3572 est.
1062 3494 1418 3557 Praeterea
1501 3493 1904 3556 adverbium
1960 3489 2485 3574 persuasibiliter
2540 3510 2679 3553 non
2737 3494 3081 3570 reperitur

365 3599 502 3682 nisi
568 3597 842 3660 duobus
909 3601 1014 3660 his
1075 3598 1276 3676 locis;
1338 3616 1563 3677 neque
1629 3599 1813 3660 enim
1878 3597 2341 3669 Quintilianus
2388 3604 2660 3677 praeter
2726 3597 2901 3658 duos
2950 3595 3077 3656 hos

365 3703 564 3765 locos
610 3720 856 3781 neque,
906 3706 962 3764 si
1011 3702 1256 3765 lexicis
1301 3701 1482 3764 fides
1533 3710 1634 3764 est
1681 3703 2011 3778 habenda,
2060 3701 2172 3764 alii
2220 3703 2599 3780 scriptores
2642 3716 2723 3762 eo
2772 3706 3077 3761 utuntur.

365 3807 656 3869 Fabium
702 3808 931 3886 igitur,
991 3825 1144 3870 cum
1194 3807 1467 3870 Celsum
1532 3808 1604 3869 id
1653 3807 2048 3870 adhibuisse
2097 3813 2365 3869 constet
2412 3806 2523 3883 (fr.
2572 3806 2677 3880 2.),
2748 3807 2877 3865 hoc
2923 3803 3077 3865 loco

369 3928 525 3996 eum
584 3912 786 3990 sequi
841 3911 1199 3992 probabile
1255 3920 1372 3975 est.
1422 3912 1756 3988 Eundem,
1815 3913 1932 3990 qui
1996 3913 2066 3973 in
2114 3912 2310 3975 libris
2360 3912 2443 3973 de
2492 3910 2825 3972 Medicina
2872 3909 3079 3986 scrip-

368 4016 461 4078 tis
505 4009 840 4097 persaepe
885 4018 1174 4079 aliorum
1221 4015 1444 4078 adfert
1490 4016 1888 4088 sententias,
1921 4015 1993 4076 in
2026 4015 2408 4078 rhetoricae
2442 4013 2585 4074 finc
2620 4011 3077 4075 describendo

367 4137 454 4183 ne
500 4119 717 4183 verbo
768 4121 1046 4201 quidem
1085 4117 1254 4199 fines
1306 4120 1578 4210 muaeime
1620 4116 1905 4180 illustres
1923 4120 1992 4197 ¹),
2038 4116 2111 4177 de
2168 4115 2399 4203 quibua
2452 4116 2803 4198 praecipue
2852 4111 3074 4196 dis-qm-

368 4230 568 4300 tatur,
627 4225 935 4304 attigisse
994 4225 1182 4288 credi
1230 4228 1345 4287 vix
1411 4230 1655 4304 potest.
1723 4223 2065 4302 Equidem
2120 4222 2615 4293 Quintilianum
2664 4237 2803 4281 non
2852 4219 3077 4280 solum

371 4348 547 4408 quae
595 4328 682 4390 de
731 4329 1156 4408 Hermagora
1186 4329 1470 4409 profert,
1520 4328 1640 4390 sed
1689 4328 1891 4390 etiam
1941 4327 2069 4390 alia
2103 4327 2434 4405 quaedam
2484 4345 2568 4386 ex
2610 4324 2853 4386 eodem
2902 4341 3078 4382 sum-

369 4439 594 4515 psisse
661 4435 929 4514 opinor.
998 4435 1198 4497 Velut
1262 4434 1668 4496 adiectivum
1723 4429 2153 4513 persuasibile
2221 4431 2407 4493 Celsi
2450 4433 2809 4510 proprium
2867 4427 3081 4488 fuisse

371 4540 667 4613 conicio,
734 4540 921 4617 quod
969 4558 1108 4601 non
1157 4540 1413 4617 legitur
1457 4539 1638 4617 apud
1694 4537 1890 4598 illum
1938 4536 2070 4597 nisi
2136 4539 2206 4597 in
2262 4535 2395 4596 hoc
2444 4537 2665 4612 capite
2713 4532 3081 4616 quinquies

595 4766 628 4824 1)
666 4764 850 4821 Quint.
891 4765 948 4813 11
988 4765 1068 4824 15,
1107 4765 1189 4812 37.
