<?xml version="1.0" encoding="UTF-8"?>
<!DOCTYPE html PUBLIC "-//W3C//DTD XHTML 1.0 Transitional//EN"
    "http://www.w3.org/TR/xhtml1/DTD/xhtml1-transitional.dtd">
<html xmlns="http://www.w3.org/1999/xhtml" xml:lang="en" lang="en">
 <head>
  <title>
</title>
<meta http-equiv="Content-Type" content="text/html;charset=utf-8" />
  <meta name='ocr-system' content='tesseract 3.04.00' />
  <meta name='ocr-capabilities' content='ocr_page ocr_carea ocr_par ocr_line ocrx_word'/>
</head>
<body>
  <div class='ocr_page' id='page_1' title='image "./dissertationesp09wiengoog_0394.png"; bbox 0 0 3567 5109; ppageno 0'>
   <div class='ocr_carea' id='block_1_1' title="bbox 1717 322 2197 385">
    <p class='ocr_par' dir='ltr' id='par_1_1' title="bbox 1717 322 2197 385">
     <span class='ocr_line' id='line_1_1' title="bbox 1717 322 2197 385; baseline 0.004 -2"><span class='ocrx_word' id='word_1_1' title='bbox 1717 322 2197 385; x_wconf 85' lang='lat'>-180—</span> 
     </span>
    </p>
   </div>
   <div class='ocr_carea' id='block_1_2' title="bbox 587 531 3347 1900">
    <p class='ocr_par' dir='ltr' id='par_1_2' title="bbox 587 531 3347 1900">
     <span class='ocr_line' id='line_1_2' title="bbox 593 531 3345 615; baseline -0.001 -18"><span class='ocrx_word' id='word_1_2' title='bbox 593 553 744 597; x_wconf 91' lang='lat' dir='ltr'><strong>cum</strong></span> <span class='ocrx_word' id='word_1_3' title='bbox 791 533 1243 598; x_wconf 84' lang='lat' dir='ltr'><strong>coniunctivus</strong></span> <span class='ocrx_word' id='word_1_4' title='bbox 1300 533 1528 598; x_wconf 87' lang='lat' dir='ltr'><strong>aoristi</strong></span> <span class='ocrx_word' id='word_1_5' title='bbox 1583 533 1784 598; x_wconf 85' lang='lat' dir='ltr'><strong>fuisse</strong></span> <span class='ocrx_word' id='word_1_6' title='bbox 1846 531 2159 612; x_wconf 84' lang='lat' dir='ltr'><strong>videatur,</strong></span> <span class='ocrx_word' id='word_1_7' title='bbox 2218 533 2299 596; x_wconf 89' lang='lat' dir='ltr'><strong>iis</strong></span> <span class='ocrx_word' id='word_1_8' title='bbox 2352 532 2536 612; x_wconf 87' lang='lat' dir='ltr'><strong>locis,</strong></span> <span class='ocrx_word' id='word_1_9' title='bbox 2586 532 2822 615; x_wconf 89' lang='lat' dir='ltr'><strong>quibus</strong></span> <span class='ocrx_word' id='word_1_10' title='bbox 2868 539 3057 597; x_wconf 77' lang='lat' dir='ltr'><strong>vetus</strong></span> <span class='ocrx_word' id='word_1_11' title='bbox 3108 539 3345 597; x_wconf 85' lang='lat' dir='ltr'><strong>status</strong></span> 
     </span>
     <span class='ocr_line' id='line_1_3' title="bbox 591 637 3343 722; baseline -0.001 -18"><span class='ocrx_word' id='word_1_12' title='bbox 591 660 672 704; x_wconf 84' lang='lat' dir='ltr'><strong>ex</strong></span> <span class='ocrx_word' id='word_1_13' title='bbox 726 645 914 721; x_wconf 86' lang='lat' dir='ltr'><strong>parte</strong></span> <span class='ocrx_word' id='word_1_14' title='bbox 969 645 1266 704; x_wconf 80' lang='lat' dir='ltr'><strong>servatus</strong></span> <span class='ocrx_word' id='word_1_15' title='bbox 1321 646 1440 719; x_wconf 89' lang='lat' dir='ltr'><strong>est,</strong></span> <span class='ocrx_word' id='word_1_16' title='bbox 1507 638 1756 704; x_wconf 87' lang='lat' dir='ltr'><strong>nullam</strong></span> <span class='ocrx_word' id='word_1_17' title='bbox 1812 639 1941 704; x_wconf 82' lang='lat' dir='ltr'><strong>vim</strong></span> <span class='ocrx_word' id='word_1_18' title='bbox 1984 637 2411 722; x_wconf 77' lang='lat' dir='ltr'><strong>perfectivam</strong></span> <span class='ocrx_word' id='word_1_19' title='bbox 2470 640 2681 704; x_wconf 86' lang='lat' dir='ltr'><strong>inesse</strong></span> <span class='ocrx_word' id='word_1_20' title='bbox 2728 651 2863 703; x_wconf 78' lang='lat' dir='ltr'><strong>no‘n</strong></span> <span class='ocrx_word' id='word_1_21' title='bbox 2908 638 3155 704; x_wconf 87' lang='lat' dir='ltr'><strong>mirum</strong></span> <span class='ocrx_word' id='word_1_22' title='bbox 3206 647 3343 702; x_wconf 82' lang='lat' dir='ltr'><strong>est.</strong></span> 
     </span>
     <span class='ocr_line' id='line_1_4' title="bbox 591 730 3347 832; baseline -0.001 -22"><span class='ocrx_word' id='word_1_23' title='bbox 591 742 816 829; x_wconf 81' lang='lat' dir='ltr'><strong>Atque</strong></span> <span class='ocrx_word' id='word_1_24' title='bbox 875 745 1110 810; x_wconf 87' lang='lat' dir='ltr'><strong>summi</strong></span> <span class='ocrx_word' id='word_1_25' title='bbox 1165 747 1477 811; x_wconf 83' lang='lat' dir='ltr'><strong>momenti</strong></span> <span class='ocrx_word' id='word_1_26' title='bbox 1520 747 1590 810; x_wconf 89' lang='lat' dir='ltr'><strong>in</strong></span> <span class='ocrx_word' id='word_1_27' title='bbox 1638 747 1763 810; x_wconf 88' lang='lat' dir='ltr'><strong>hac</strong></span> <span class='ocrx_word' id='word_1_28' title='bbox 1808 768 1879 811; x_wconf 92' lang='lat' dir='ltr'><strong>re</strong></span> <span class='ocrx_word' id='word_1_29' title='bbox 1926 754 2053 811; x_wconf 88' lang='lat' dir='ltr'><strong>est:</strong></span> <span class='ocrx_word' id='word_1_30' title='bbox 2110 746 2315 811; x_wconf 85' lang='lat' dir='ltr'>P297</span> <span class='ocrx_word' id='word_1_31' title='bbox 2355 767 2585 832; x_wconf 76' lang='lat' dir='ltr'><strong>precor</strong></span> <span class='ocrx_word' id='word_1_32' title='bbox 2643 730 2897 811; x_wconf 63' lang='lat' dir='ltr'><strong>reniam</strong></span> <span class='ocrx_word' id='word_1_33' title='bbox 2934 753 3191 830; x_wconf 78' lang='lat' dir='ltr'><strong>petens,</strong></span> <span class='ocrx_word' id='word_1_34' title='bbox 3266 753 3347 808; x_wconf 75' lang='lat' dir='ltr'><strong>nt</strong></span> 
     </span>
     <span class='ocr_line' id='line_1_5' title="bbox 591 852 3341 938; baseline 0 -22"><span class='ocrx_word' id='word_1_35' title='bbox 591 875 756 937; x_wconf 82' lang='lat' dir='ltr'><strong>quae</strong></span> <span class='ocrx_word' id='word_1_36' title='bbox 782 854 899 937; x_wconf 64' lang='lat' dir='ltr'><strong>egli,</strong></span> <span class='ocrx_word' id='word_1_37' title='bbox 926 875 1063 938; x_wconf 75' lang='lat' dir='ltr'><strong>ayv,</strong></span> <span class='ocrx_word' id='word_1_38' title='bbox 1092 855 1276 919; x_wconf 73' lang='lat' dir='ltr'><strong>aaeim</strong></span> <span class='ocrx_word' id='word_1_39' title='bbox 1301 860 1689 918; x_wconf 79' lang='lat' dir='ltr'><strong>verruncent</strong></span> <span class='ocrx_word' id='word_1_40' title='bbox 1713 855 1867 918; x_wconf 77' lang='lat' dir='ltr'><strong>bene</strong></span> <span class='ocrx_word' id='word_1_41' title='bbox 1883 855 1923 920; x_wconf 81' lang='lat'><strong>¹.</strong></span> <span class='ocrx_word' id='word_1_42' title='bbox 1968 852 2149 918; x_wconf 90' lang='lat' dir='ltr'><strong>Luce</strong></span> <span class='ocrx_word' id='word_1_43' title='bbox 2179 853 2421 918; x_wconf 88' lang='lat' dir='ltr'><strong>clarius</strong></span> <span class='ocrx_word' id='word_1_44' title='bbox 2448 860 2549 918; x_wconf 90' lang='lat' dir='ltr'><strong>est</strong></span> <span class='ocrx_word' id='word_1_45' title='bbox 2574 852 3059 918; x_wconf 80' lang='lat' dir='ltr'><strong>coniunctivum</strong></span> <span class='ocrx_word' id='word_1_46' title='bbox 3090 861 3341 936; x_wconf 82' lang='lat' dir='ltr'><strong>partes</strong></span> 
     </span>
     <span class='ocr_line' id='line_1_6' title="bbox 590 959 3339 1048; baseline 0 -24"><span class='ocrx_word' id='word_1_47' title='bbox 590 959 802 1024; x_wconf 87' lang='lat' dir='ltr'><strong>futuri</strong></span> <span class='ocrx_word' id='word_1_48' title='bbox 849 959 1062 1024; x_wconf 75' lang='lat' dir='ltr'><strong>exacti</strong></span> <span class='ocrx_word' id='word_1_49' title='bbox 1110 959 1402 1025; x_wconf 89' lang='lat' dir='ltr'><strong>obtinere</strong></span> <span class='ocrx_word' id='word_1_50' title='bbox 1449 965 1517 1024; x_wconf 90' lang='lat' dir='ltr'><strong>et</strong></span> <span class='ocrx_word' id='word_1_51' title='bbox 1560 959 1819 1044; x_wconf 85' lang='lat' dir='ltr'><strong>egregie</strong></span> <span class='ocrx_word' id='word_1_52' title='bbox 1866 959 2308 1039; x_wconf 88' lang='lat' dir='ltr'><strong>confirmatur,</strong></span> <span class='ocrx_word' id='word_1_53' title='bbox 2359 960 2537 1043; x_wconf 91' lang='lat' dir='ltr'><strong>quod</strong></span> <span class='ocrx_word' id='word_1_54' title='bbox 2582 959 2779 1024; x_wconf 85' lang='lat' dir='ltr'><strong>Blase</strong></span> <span class='ocrx_word' id='word_1_55' title='bbox 2826 959 2899 1048; x_wconf 87' lang='lat' dir='ltr'><strong>(l.</strong></span> <span class='ocrx_word' id='word_1_56' title='bbox 2936 960 2979 1024; x_wconf 92' lang='grc'><strong>1.</strong></span> <span class='ocrx_word' id='word_1_57' title='bbox 3024 959 3107 1024; x_wconf 88' lang='grc' dir='ltr'>Χ</span> <span class='ocrx_word' id='word_1_58' title='bbox 3138 961 3339 1040; x_wconf 76' lang='grc'>338)</span> 
     </span>
     <span class='ocr_line' id='line_1_7' title="bbox 591 1065 3339 1150; baseline 0 -20"><span class='ocrx_word' id='word_1_59' title='bbox 591 1067 956 1150; x_wconf 87' lang='lat' dir='ltr'><strong>proposuit,</strong></span> <span class='ocrx_word' id='word_1_60' title='bbox 996 1067 1065 1131; x_wconf 89' lang='lat' dir='ltr'><strong>in</strong></span> <span class='ocrx_word' id='word_1_61' title='bbox 1105 1066 1207 1132; x_wconf 91' lang='lat' dir='ltr'><strong>his</strong></span> <span class='ocrx_word' id='word_1_62' title='bbox 1244 1066 1468 1132; x_wconf 88' lang='lat' dir='ltr'><strong>formis</strong></span> <span class='ocrx_word' id='word_1_63' title='bbox 1506 1067 1687 1132; x_wconf 82' lang='lat' dir='ltr'><strong>verbi</strong></span> <span class='ocrx_word' id='word_1_64' title='bbox 1726 1065 1883 1131; x_wconf 89' lang='lat' dir='ltr'><strong>olim</strong></span> <span class='ocrx_word' id='word_1_65' title='bbox 1917 1067 2346 1132; x_wconf 78' lang='lat' dir='ltr'><strong>indicativum</strong></span> <span class='ocrx_word' id='word_1_66' title='bbox 2384 1073 2453 1131; x_wconf 85' lang='lat' dir='ltr'><strong>et</strong></span> <span class='ocrx_word' id='word_1_67' title='bbox 2492 1067 2977 1132; x_wconf 78' lang='lat' dir='ltr'><strong>coniunctivum</strong></span> <span class='ocrx_word' id='word_1_68' title='bbox 3015 1065 3339 1132; x_wconf 88' lang='lat' dir='ltr'><strong>nondum</strong></span> 
     </span>
     <span class='ocr_line' id='line_1_8' title="bbox 591 1171 3337 1258; baseline 0 -22"><span class='ocrx_word' id='word_1_69' title='bbox 591 1171 974 1237; x_wconf 88' lang='lat' dir='ltr'><strong>distinctum</strong></span> <span class='ocrx_word' id='word_1_70' title='bbox 1038 1194 1250 1257; x_wconf 89' lang='lat' dir='ltr'><strong>neque</strong></span> <span class='ocrx_word' id='word_1_71' title='bbox 1314 1175 1630 1258; x_wconf 89' lang='lat' dir='ltr'><strong>temporis</strong></span> <span class='ocrx_word' id='word_1_72' title='bbox 1693 1174 2017 1239; x_wconf 89' lang='lat' dir='ltr'><strong>rationem</strong></span> <span class='ocrx_word' id='word_1_73' title='bbox 2074 1173 2574 1239; x_wconf 78' lang='lat' dir='ltr'><strong>determinatam</strong></span> <span class='ocrx_word' id='word_1_74' title='bbox 2630 1173 2830 1238; x_wconf 88' lang='lat' dir='ltr'><strong>fuisse</strong></span> <span class='ocrx_word' id='word_1_75' title='bbox 2844 1174 2890 1238; x_wconf 77' lang='lat'><strong>².</strong></span> <span class='ocrx_word' id='word_1_76' title='bbox 2981 1173 3337 1238; x_wconf 82' lang='lat' dir='ltr'><strong>Memoria</strong></span> 
     </span>
     <span class='ocr_line' id='line_1_9' title="bbox 589 1279 3335 1364; baseline 0 -21"><span class='ocrx_word' id='word_1_77' title='bbox 589 1285 812 1344; x_wconf 87' lang='lat' dir='ltr'><strong>autem</strong></span> <span class='ocrx_word' id='word_1_78' title='bbox 859 1279 1129 1364; x_wconf 88' lang='lat' dir='ltr'><strong>dignum</strong></span> <span class='ocrx_word' id='word_1_79' title='bbox 1185 1287 1287 1346; x_wconf 89' lang='lat' dir='ltr'><strong>est</strong></span> <span class='ocrx_word' id='word_1_80' title='bbox 1339 1282 1408 1345; x_wconf 91' lang='lat' dir='ltr'><strong>in</strong></span> <span class='ocrx_word' id='word_1_81' title='bbox 1463 1280 1857 1364; x_wconf 78' lang='lat' dir='ltr'><strong>antiquitate</strong></span> <span class='ocrx_word' id='word_1_82' title='bbox 1912 1282 2061 1364; x_wconf 87' lang='lat' dir='ltr'><strong>ipsa</strong></span> <span class='ocrx_word' id='word_1_83' title='bbox 2107 1280 2404 1345; x_wconf 89' lang='lat' dir='ltr'><strong>homines</strong></span> <span class='ocrx_word' id='word_1_84' title='bbox 2450 1279 2775 1345; x_wconf 83' lang='lat' dir='ltr'><strong>litteratos</strong></span> <span class='ocrx_word' id='word_1_85' title='bbox 2828 1280 3047 1345; x_wconf 86' lang='lat' dir='ltr'><strong>nullos</strong></span> <span class='ocrx_word' id='word_1_86' title='bbox 3094 1287 3335 1345; x_wconf 81' lang='lat' dir='ltr'><strong>certos</strong></span> 
     </span>
     <span class='ocr_line' id='line_1_10' title="bbox 587 1384 3333 1470; baseline 0 -20"><span class='ocrx_word' id='word_1_87' title='bbox 587 1384 752 1451; x_wconf 86' lang='lat' dir='ltr'><strong>fines</strong></span> <span class='ocrx_word' id='word_1_88' title='bbox 795 1386 970 1450; x_wconf 86' lang='lat' dir='ltr'><strong>inter</strong></span> <span class='ocrx_word' id='word_1_89' title='bbox 1013 1386 1134 1452; x_wconf 87' lang='lat' dir='ltr'><strong>has</strong></span> <span class='ocrx_word' id='word_1_90' title='bbox 1180 1386 1422 1452; x_wconf 85' lang='lat' dir='ltr'><strong>formas</strong></span> <span class='ocrx_word' id='word_1_91' title='bbox 1469 1408 1610 1452; x_wconf 88' lang='lat' dir='ltr'><strong>esse</strong></span> <span class='ocrx_word' id='word_1_92' title='bbox 1649 1387 2208 1466; x_wconf 84' lang='lat' dir='ltr'><strong>animadvertisse,</strong></span> <span class='ocrx_word' id='word_1_93' title='bbox 2256 1394 2332 1451; x_wconf 89' lang='lat' dir='ltr'><strong>ut</strong></span> <span class='ocrx_word' id='word_1_94' title='bbox 2366 1408 2485 1470; x_wconf 88' lang='lat' dir='ltr'><strong>per</strong></span> <span class='ocrx_word' id='word_1_95' title='bbox 2523 1386 2813 1454; x_wconf 85' lang='lat' dir='ltr'><strong>Gellium</strong></span> <span class='ocrx_word' id='word_1_96' title='bbox 2851 1387 3333 1470; x_wconf 77' lang='lat' dir='ltr'><strong>comperimuS,</strong></span> 
     </span>
     <span class='ocr_line' id='line_1_11' title="bbox 590 1493 3335 1576; baseline 0.001 -20"><span class='ocrx_word' id='word_1_97' title='bbox 590 1493 703 1574; x_wconf 90' lang='lat' dir='ltr'><strong>qui</strong></span> <span class='ocrx_word' id='word_1_98' title='bbox 733 1495 1190 1576; x_wconf 85' lang='lat' dir='ltr'><strong>quaestionum</strong></span> <span class='ocrx_word' id='word_1_99' title='bbox 1217 1495 1610 1560; x_wconf 85' lang='lat' dir='ltr'><strong>certationes</strong></span> <span class='ocrx_word' id='word_1_100' title='bbox 1638 1514 1975 1573; x_wconf 76' lang='lat' dir='ltr'><strong>enarranS,</strong></span> <span class='ocrx_word' id='word_1_101' title='bbox 2008 1493 2245 1576; x_wconf 90' lang='lat' dir='ltr'><strong>quibus</strong></span> <span class='ocrx_word' id='word_1_102' title='bbox 2262 1494 2726 1558; x_wconf 65' lang='lat' dir='ltr'><strong>Saturnalicia</strong></span> <span class='ocrx_word' id='word_1_103' title='bbox 2754 1495 3005 1558; x_wconf 76' lang='lat' dir='ltr'><strong>ludicra-</strong></span> <span class='ocrx_word' id='word_1_104' title='bbox 3032 1494 3335 1558; x_wconf 57' lang='lat' dir='ltr'><strong>Athena-r</strong></span> 
     </span>
     <span class='ocr_line' id='line_1_12' title="bbox 589 1599 3325 1685; baseline 0 -21"><span class='ocrx_word' id='word_1_105' title='bbox 589 1600 835 1684; x_wconf 72' lang='lat' dir='ltr'><strong>ayitare</strong></span> <span class='ocrx_word' id='word_1_106' title='bbox 877 1602 1058 1665; x_wconf 78' lang='lat' dir='ltr'><strong>soliti</strong></span> <span class='ocrx_word' id='word_1_107' title='bbox 1103 1601 1254 1680; x_wconf 90' lang='lat' dir='ltr'><strong>sint,</strong></span> <span class='ocrx_word' id='word_1_108' title='bbox 1288 1601 1547 1669; x_wconf 86' lang='lat' dir='ltr'><strong>XVIII</strong></span> <span class='ocrx_word' id='word_1_109' title='bbox 1587 1604 1646 1681; x_wconf 85' lang='lat'><strong>2,</strong></span> <span class='ocrx_word' id='word_1_110' title='bbox 1691 1603 1774 1666; x_wconf 86' lang='lat'><strong>14</strong></span> <span class='ocrx_word' id='word_1_111' title='bbox 1821 1601 1982 1666; x_wconf 85' lang='lat' dir='ltr'><strong>haec</strong></span> <span class='ocrx_word' id='word_1_112' title='bbox 2030 1601 2242 1666; x_wconf 87' lang='lat' dir='ltr'><strong>addit:</strong></span> <span class='ocrx_word' id='word_1_113' title='bbox 2295 1599 2633 1666; x_wconf 78' lang='lat' dir='ltr'><strong>Postrema</strong></span> <span class='ocrx_word' id='word_1_114' title='bbox 2668 1601 3125 1685; x_wconf 74' lang='lat' dir='ltr'><strong>quaestionum</strong></span> <span class='ocrx_word' id='word_1_115' title='bbox 3168 1623 3325 1666; x_wconf 85' lang='lat' dir='ltr'><strong>om·</strong></span> 
     </span>
     <span class='ocr_line' id='line_1_13' title="bbox 589 1707 3327 1793; baseline 0.001 -23"><span class='ocrx_word' id='word_1_116' title='bbox 589 1707 785 1771; x_wconf 74' lang='lat' dir='ltr'><strong>nium</strong></span> <span class='ocrx_word' id='word_1_117' title='bbox 839 1709 991 1772; x_wconf 76' lang='lat' dir='ltr'><strong>haec</strong></span> <span class='ocrx_word' id='word_1_118' title='bbox 1043 1708 1214 1792; x_wconf 76' lang='lat' dir='ltr'><strong>fuit:</strong></span> <span class='ocrx_word' id='word_1_119' title='bbox 1281 1710 1698 1793; x_wconf 58' lang='lat' dir='ltr'><strong>‘scripserim</strong></span> <span class='ocrx_word' id='word_1_120' title='bbox 1763 1709 2039 1792; x_wconf 60' lang='grc' dir='ltr'><strong>ἱερενίηι,</strong></span> <span class='ocrx_word' id='word_1_121' title='bbox 2106 1709 2443 1790; x_wconf 70' lang='lat' dir='ltr'><strong>venerim’,</strong></span> <span class='ocrx_word' id='word_1_122' title='bbox 2508 1708 2699 1772; x_wconf 75' lang='lat' dir='ltr'><strong>cuius</strong></span> <span class='ocrx_word' id='word_1_123' title='bbox 2756 1708 3063 1793; x_wconf 77' lang='lat' dir='ltr'><strong>temporis</strong></span> <span class='ocrx_word' id='word_1_124' title='bbox 3123 1711 3327 1772; x_wconf 70' lang='lat' dir='ltr'><strong>rerba</strong></span> 
     </span>
     <span class='ocr_line' id='line_1_14' title="bbox 587 1814 3037 1900; baseline 0 -22"><span class='ocrx_word' id='word_1_125' title='bbox 587 1814 742 1896; x_wconf 74' lang='lat' dir='ltr'><strong>sint,</strong></span> <span class='ocrx_word' id='word_1_126' title='bbox 782 1815 1129 1899; x_wconf 61' lang='lat' dir='ltr'><strong>praeteriti</strong></span> <span class='ocrx_word' id='word_1_127' title='bbox 1170 1837 1262 1880; x_wconf 79' lang='lat' dir='ltr'><strong>an</strong></span> <span class='ocrx_word' id='word_1_128' title='bbox 1305 1815 1530 1900; x_wconf 58' lang='lat' dir='ltr'><strong>fulina*</strong></span> <span class='ocrx_word' id='word_1_129' title='bbox 1571 1837 1662 1880; x_wconf 83' lang='lat' dir='ltr'><strong>an</strong></span> <span class='ocrx_word' id='word_1_130' title='bbox 1707 1814 2070 1899; x_wconf 63' lang='lat' dir='ltr'><strong>utriusque.</strong></span> <span class='ocrx_word' id='word_1_131' title='bbox 2122 1853 2213 1870; x_wconf 47' lang='grc' dir='ltr'><strong>-η</strong></span> <span class='ocrx_word' id='word_1_132' title='bbox 2254 1814 2399 1879; x_wconf 87' lang='lat' dir='ltr'><strong>Iam</strong></span> <span class='ocrx_word' id='word_1_133' title='bbox 2446 1835 2547 1878; x_wconf 93' lang='lat' dir='ltr'><strong>me</strong></span> <span class='ocrx_word' id='word_1_134' title='bbox 2595 1821 2901 1880; x_wconf 80' lang='lat' dir='ltr'><strong>converto</strong></span> <span class='ocrx_word' id='word_1_135' title='bbox 2949 1814 3037 1878; x_wconf 86' lang='lat' dir='ltr'><strong>ad</strong></span> 
     </span>
    </p>
   </div>
   <div class='ocr_carea' id='block_1_3' title="bbox 1325 2043 2569 2146">
    <p class='ocr_par' dir='ltr' id='par_1_3' title="bbox 1325 2043 2569 2146">
     <span class='ocr_line' id='line_1_15' title="bbox 1325 2043 2569 2146; baseline -0.002 -24"><span class='ocrx_word' id='word_1_136' title='bbox 1325 2043 1415 2122; x_wconf 86' lang='grc' dir='ltr'><strong>Β.</strong></span> <span class='ocrx_word' id='word_1_137' title='bbox 1486 2043 2128 2122; x_wconf 79' lang='lat' dir='ltr'><strong>Enuntiationum</strong></span> <span class='ocrx_word' id='word_1_138' title='bbox 2190 2043 2569 2146; x_wconf 82' lang='lat' dir='ltr'><strong>syntaxin.</strong></span> 
     </span>
    </p>
   </div>
   <div class='ocr_carea' id='block_1_4' title="bbox 1459 2256 2431 2342">
    <p class='ocr_par' dir='ltr' id='par_1_4' title="bbox 1459 2256 2431 2342">
     <span class='ocr_line' id='line_1_16' title="bbox 1459 2256 2431 2342; baseline 0.001 -18"><span class='ocrx_word' id='word_1_139' title='bbox 1459 2256 1522 2325; x_wconf 91' lang='lat'><strong>1.</strong></span> <span class='ocrx_word' id='word_1_140' title='bbox 1569 2258 2047 2325; x_wconf 85' lang='lat' dir='ltr'><strong>Enuntiatum</strong></span> <span class='ocrx_word' id='word_1_141' title='bbox 2097 2258 2431 2342; x_wconf 73' lang='lat' dir='ltr'><strong>simplex-</strong></span> 
     </span>
    </p>
   </div>
   <div class='ocr_carea' id='block_1_5' title="bbox 586 2418 3309 2610">
    <p class='ocr_par' dir='ltr' id='par_1_5' title="bbox 586 2418 3309 2610">
     <span class='ocr_line' id='line_1_17' title="bbox 797 2418 3309 2504; baseline 0.001 -21"><span class='ocrx_word' id='word_1_142' title='bbox 797 2418 1162 2484; x_wconf 86' lang='lat' dir='ltr'><strong>Exordium</strong></span> <span class='ocrx_word' id='word_1_143' title='bbox 1209 2441 1540 2484; x_wconf 81' lang='lat' dir='ltr'><strong>sumamus</strong></span> <span class='ocrx_word' id='word_1_144' title='bbox 1591 2441 1632 2486; x_wconf 85' lang='lat' dir='ltr'><strong>a</strong></span> <span class='ocrx_word' id='word_1_145' title='bbox 1677 2421 2245 2486; x_wconf 83' lang='lat' dir='ltr'><strong>convenientia.</strong></span> <span class='ocrx_word' id='word_1_146' title='bbox 2336 2419 2578 2486; x_wconf 82' lang='lat' dir='ltr'><strong>Statim</strong></span> <span class='ocrx_word' id='word_1_147' title='bbox 2632 2419 2903 2504; x_wconf 89' lang='lat' dir='ltr'><strong>paulum</strong></span> <span class='ocrx_word' id='word_1_148' title='bbox 2950 2419 3309 2486; x_wconf 84' lang='lat' dir='ltr'><strong>subsistere</strong></span> 
     </span>
     <span class='ocr_line' id='line_1_18' title="bbox 586 2526 1629 2610; baseline -0.001 -18"><span class='ocrx_word' id='word_1_149' title='bbox 586 2527 880 2610; x_wconf 85' lang='lat' dir='ltr'><strong>cogimur</strong></span> <span class='ocrx_word' id='word_1_150' title='bbox 925 2528 994 2592; x_wconf 91' lang='lat' dir='ltr'><strong>in</strong></span> <span class='ocrx_word' id='word_1_151' title='bbox 1040 2526 1193 2592; x_wconf 88' lang='lat' dir='ltr'><strong>Pac.</strong></span> <span class='ocrx_word' id='word_1_152' title='bbox 1243 2548 1297 2590; x_wconf 79' lang='lat' dir='ltr'><strong>v.</strong></span> <span class='ocrx_word' id='word_1_153' title='bbox 1337 2527 1629 2591; x_wconf 81' lang='lat'>83-85:</span> 
     </span>
    </p>
   </div>
   <div class='ocr_carea' id='block_1_6' title="bbox 1055 2651 2823 2950">
    <p class='ocr_par' dir='ltr' id='par_1_6' title="bbox 1055 2651 2823 2950">
     <span class='ocr_line' id='line_1_19' title="bbox 1059 2651 2725 2736; baseline -0.001 -19"><span class='ocrx_word' id='word_1_154' title='bbox 1059 2701 1072 2717; x_wconf 91' lang='lat'>.</span> <span class='ocrx_word' id='word_1_155' title='bbox 1129 2702 1142 2716; x_wconf 89' lang='lat'><strong>.</strong></span> <span class='ocrx_word' id='word_1_156' title='bbox 1191 2672 1346 2716; x_wconf 77' lang='lat' dir='ltr'><strong>nam</strong></span> <span class='ocrx_word' id='word_1_157' title='bbox 1389 2651 1522 2734; x_wconf 76' lang='lat' dir='ltr'><strong>isti,</strong></span> <span class='ocrx_word' id='word_1_158' title='bbox 1569 2652 1689 2736; x_wconf 77' lang='lat' dir='ltr'><strong>qui</strong></span> <span class='ocrx_word' id='word_1_159' title='bbox 1731 2653 2025 2736; x_wconf 64' lang='lat' dir='ltr'><strong>linquam</strong></span> <span class='ocrx_word' id='word_1_160' title='bbox 2072 2654 2297 2717; x_wconf 73' lang='lat' dir='ltr'><strong>avium</strong></span> <span class='ocrx_word' id='word_1_161' title='bbox 2342 2653 2725 2735; x_wconf 73' lang='lat' dir='ltr'><strong>intelleyunt</strong></span> 
     </span>
     <span class='ocr_line' id='line_1_20' title="bbox 1055 2756 2823 2842; baseline 0.001 -21"><span class='ocrx_word' id='word_1_162' title='bbox 1055 2756 1346 2842; x_wconf 73' lang='lat' dir='ltr'><strong>Plusque</strong></span> <span class='ocrx_word' id='word_1_163' title='bbox 1389 2781 1468 2822; x_wconf 77' lang='lat' dir='ltr'><strong>ex</strong></span> <span class='ocrx_word' id='word_1_164' title='bbox 1511 2759 1724 2822; x_wconf 81' lang='lat' dir='ltr'><strong>alieno</strong></span> <span class='ocrx_word' id='word_1_165' title='bbox 1769 2759 1969 2823; x_wconf 76' lang='lat' dir='ltr'><strong>iecore</strong></span> <span class='ocrx_word' id='word_1_166' title='bbox 2012 2759 2289 2842; x_wconf 77' lang='lat' dir='ltr'><strong>sapiunt</strong></span> <span class='ocrx_word' id='word_1_167' title='bbox 2330 2779 2525 2842; x_wconf 76' lang='lat' dir='ltr'><strong>quam</strong></span> <span class='ocrx_word' id='word_1_168' title='bbox 2568 2780 2644 2823; x_wconf 74' lang='lat' dir='ltr'><strong>ex</strong></span> <span class='ocrx_word' id='word_1_169' title='bbox 2687 2780 2823 2841; x_wconf 84' lang='lat' dir='ltr'><strong>suo,</strong></span> 
     </span>
     <span class='ocr_line' id='line_1_21' title="bbox 1055 2865 2795 2950; baseline 0.001 -22"><span class='ocrx_word' id='word_1_170' title='bbox 1055 2865 1274 2949; x_wconf 75' lang='lat' dir='ltr'><strong>Mayis</strong></span> <span class='ocrx_word' id='word_1_171' title='bbox 1316 2866 1720 2930; x_wconf 77' lang='lat' dir='ltr'><strong>audiendum</strong></span> <span class='ocrx_word' id='word_1_172' title='bbox 1762 2887 1963 2950; x_wconf 78' lang='lat' dir='ltr'><strong>quam</strong></span> <span class='ocrx_word' id='word_1_173' title='bbox 2006 2868 2517 2931; x_wconf 78' lang='lat' dir='ltr'><strong>auscultandum</strong></span> <span class='ocrx_word' id='word_1_174' title='bbox 2560 2887 2795 2930; x_wconf 68' lang='lat' dir='ltr'><strong>ceuoeo,</strong></span> 
     </span>
    </p>
   </div>
   <div class='ocr_carea' id='block_1_7' title="bbox 581 2987 3307 3394">
    <p class='ocr_par' dir='ltr' id='par_1_7' title="bbox 581 2987 3307 3394">
     <span class='ocr_line' id='line_1_22' title="bbox 581 2987 3305 3074; baseline 0 -20"><span class='ocrx_word' id='word_1_175' title='bbox 581 2987 756 3054; x_wconf 87' lang='lat' dir='ltr'><strong>Nam</strong></span> <span class='ocrx_word' id='word_1_176' title='bbox 823 2988 1092 3068; x_wconf 90' lang='lat' dir='ltr'><strong>Holtze,</strong></span> <span class='ocrx_word' id='word_1_177' title='bbox 1161 3011 1306 3054; x_wconf 93' lang='lat' dir='ltr'><strong>cum</strong></span> <span class='ocrx_word' id='word_1_178' title='bbox 1373 2993 1459 3072; x_wconf 93' lang='lat' dir='ltr'><strong>(p.</strong></span> <span class='ocrx_word' id='word_1_179' title='bbox 1510 2991 1623 3072; x_wconf 89' lang='grc'><strong>36)</strong></span> <span class='ocrx_word' id='word_1_180' title='bbox 1688 2990 2147 3055; x_wconf 84' lang='lat' dir='ltr'><strong>attractionem</strong></span> <span class='ocrx_word' id='word_1_181' title='bbox 2211 2990 2615 3074; x_wconf 83' lang='lat' dir='ltr'><strong>pronominis</strong></span> <span class='ocrx_word' id='word_1_182' title='bbox 2678 2989 2945 3054; x_wconf 87' lang='lat' dir='ltr'><strong>subesse</strong></span> <span class='ocrx_word' id='word_1_183' title='bbox 3014 2997 3305 3068; x_wconf 88' lang='lat' dir='ltr'><strong>censeat,</strong></span> 
     </span>
     <span class='ocr_line' id='line_1_23' title="bbox 583 3095 3307 3180; baseline 0 -20"><span class='ocrx_word' id='word_1_184' title='bbox 583 3095 1059 3161; x_wconf 87' lang='lat' dir='ltr'><strong>nominativum</strong></span> <span class='ocrx_word' id='word_1_185' title='bbox 1103 3097 1222 3160; x_wconf 66' lang='lat' dir='ltr'><strong>ista·</strong></span> <span class='ocrx_word' id='word_1_186' title='bbox 1265 3097 1550 3179; x_wconf 89' lang='lat' dir='ltr'><strong>positum</strong></span> <span class='ocrx_word' id='word_1_187' title='bbox 1597 3117 1739 3161; x_wconf 87' lang='lat' dir='ltr'><strong>esse</strong></span> <span class='ocrx_word' id='word_1_188' title='bbox 1787 3117 1906 3179; x_wconf 87' lang='lat' dir='ltr'><strong>pro</strong></span> <span class='ocrx_word' id='word_1_189' title='bbox 1952 3098 2119 3176; x_wconf 72' lang='lat' dir='ltr'><strong>istis,</strong></span> <span class='ocrx_word' id='word_1_190' title='bbox 2170 3098 2349 3180; x_wconf 93' lang='lat' dir='ltr'><strong>quod</strong></span> <span class='ocrx_word' id='word_1_191' title='bbox 2394 3096 2551 3162; x_wconf 84' lang='lat' dir='ltr'><strong>olim</strong></span> <span class='ocrx_word' id='word_1_192' title='bbox 2596 3118 2742 3162; x_wconf 89' lang='lat' dir='ltr'><strong>cum</strong></span> <span class='ocrx_word' id='word_1_193' title='bbox 2782 3096 3120 3162; x_wconf 87' lang='lat' dir='ltr'><strong>codicibus</strong></span> <span class='ocrx_word' id='word_1_194' title='bbox 3160 3097 3307 3179; x_wconf 84' lang='lat' dir='ltr'><strong>qui-</strong></span> 
     </span>
     <span class='ocr_line' id='line_1_24' title="bbox 581 3199 3307 3286; baseline 0 -21"><span class='ocrx_word' id='word_1_195' title='bbox 581 3199 862 3266; x_wconf 87' lang='lat' dir='ltr'><strong>busdam</strong></span> <span class='ocrx_word' id='word_1_196' title='bbox 901 3201 1335 3267; x_wconf 87' lang='lat' dir='ltr'><strong>deterioribus</strong></span> <span class='ocrx_word' id='word_1_197' title='bbox 1375 3203 1803 3282; x_wconf 88' lang='lat' dir='ltr'><strong>scribebatur,</strong></span> <span class='ocrx_word' id='word_1_198' title='bbox 1851 3203 2202 3268; x_wconf 82' lang='lat' dir='ltr'><strong>existimat.</strong></span> <span class='ocrx_word' id='word_1_199' title='bbox 2254 3201 2443 3286; x_wconf 81' lang='lat' dir='ltr'><strong>Quae</strong></span> <span class='ocrx_word' id='word_1_200' title='bbox 2481 3203 2676 3268; x_wconf 84' lang='lat' dir='ltr'><strong>lec&#39;tio</strong></span> <span class='ocrx_word' id='word_1_201' title='bbox 2716 3210 2791 3268; x_wconf 92' lang='lat' dir='ltr'><strong>ut</strong></span> <span class='ocrx_word' id='word_1_202' title='bbox 2824 3205 3038 3286; x_wconf 84' lang='lat' dir='ltr'><strong>primo</strong></span> <span class='ocrx_word' id='word_1_203' title='bbox 3070 3202 3307 3268; x_wconf 85' lang='lat' dir='ltr'><strong>obtutu</strong></span> 
     </span>
     <span class='ocr_line' id='line_1_25' title="bbox 581 3309 3305 3394; baseline 0 -21"><span class='ocrx_word' id='word_1_204' title='bbox 581 3309 924 3390; x_wconf 86' lang='lat' dir='ltr'><strong>aptissima</strong></span> <span class='ocrx_word' id='word_1_205' title='bbox 967 3309 1242 3388; x_wconf 87' lang='lat' dir='ltr'><strong>videtur,</strong></span> <span class='ocrx_word' id='word_1_206' title='bbox 1295 3311 1389 3375; x_wconf 90' lang='lat' dir='ltr'><strong>sic</strong></span> <span class='ocrx_word' id='word_1_207' title='bbox 1438 3309 1829 3374; x_wconf 89' lang='lat' dir='ltr'><strong>deliberanti</strong></span> <span class='ocrx_word' id='word_1_208' title='bbox 1888 3309 2267 3394; x_wconf 87' lang='lat' dir='ltr'><strong>scrupulum</strong></span> <span class='ocrx_word' id='word_1_209' title='bbox 2320 3317 2553 3376; x_wconf 86' lang='lat' dir='ltr'><strong>movet.</strong></span> <span class='ocrx_word' id='word_1_210' title='bbox 2616 3312 2866 3375; x_wconf 72' lang='lat' dir='ltr'><strong>Audire</strong></span> <span class='ocrx_word' id='word_1_211' title='bbox 2920 3311 3096 3375; x_wconf 89' lang='lat' dir='ltr'><strong>enim</strong></span> <span class='ocrx_word' id='word_1_212' title='bbox 3152 3310 3305 3374; x_wconf 86' lang='lat' dir='ltr'><strong>cum</strong></span> 
     </span>
    </p>
   </div>
   <div class='ocr_carea' id='block_1_8' title="bbox 581 3415 3362 3502">
    <p class='ocr_par' dir='ltr' id='par_1_8' title="bbox 581 3415 3362 3502">
     <span class='ocr_line' id='line_1_26' title="bbox 581 3415 3362 3502; baseline 0 -23"><span class='ocrx_word' id='word_1_213' title='bbox 581 3415 804 3479; x_wconf 78' lang='lat' dir='ltr'><strong>dativo</strong></span> <span class='ocrx_word' id='word_1_214' title='bbox 849 3415 1144 3481; x_wconf 89' lang='lat' dir='ltr'><strong>iunctum</strong></span> <span class='ocrx_word' id='word_1_215' title='bbox 1189 3417 1362 3482; x_wconf 89' lang='lat' dir='ltr'><strong>idem</strong></span> <span class='ocrx_word' id='word_1_216' title='bbox 1400 3417 1534 3482; x_wconf 87' lang='lat' dir='ltr'><strong>fere</strong></span> <span class='ocrx_word' id='word_1_217' title='bbox 1575 3415 1750 3482; x_wconf 84' lang='lat' dir='ltr'><strong>valet</strong></span> <span class='ocrx_word' id='word_1_218' title='bbox 1784 3424 1982 3501; x_wconf 90' lang='lat' dir='ltr'><strong>atque</strong></span> <span class='ocrx_word' id='word_1_219' title='bbox 2022 3418 2456 3500; x_wconf 89' lang='lat' dir='ltr'><strong>compositum</strong></span> <span class='ocrx_word' id='word_1_220' title='bbox 2493 3419 2777 3483; x_wconf 84' lang='lat' dir='ltr'><strong>oboedire</strong></span> <span class='ocrx_word' id='word_1_221' title='bbox 2813 3424 2881 3481; x_wconf 90' lang='lat' dir='ltr'><strong>et</strong></span> <span class='ocrx_word' id='word_1_222' title='bbox 2916 3437 3303 3502; x_wconf 72' lang='lat' dir='ltr'><strong>synoymum</strong></span> <span class='ocrx_word' id='word_1_223' title='bbox 3355 3433 3362 3439; x_wconf 85' lang='lat'><strong>·</strong></span> 
     </span>
    </p>
   </div>
   <div class='ocr_carea' id='block_1_9' title="bbox 577 3519 3301 4249">
    <p class='ocr_par' dir='ltr' id='par_1_9' title="bbox 581 3519 3233 3609">
     <span class='ocr_line' id='line_1_27' title="bbox 581 3519 3233 3609; baseline 0.001 -24"><span class='ocrx_word' id='word_1_224' title='bbox 581 3519 998 3586; x_wconf 86' lang='lat' dir='ltr'><strong>auscultandi</strong></span> <span class='ocrx_word' id='word_1_225' title='bbox 1045 3529 1162 3602; x_wconf 89' lang='lat' dir='ltr'><strong>est,</strong></span> <span class='ocrx_word' id='word_1_226' title='bbox 1212 3523 1300 3589; x_wconf 87' lang='lat' dir='ltr'><strong>cf.</strong></span> <span class='ocrx_word' id='word_1_227' title='bbox 1344 3523 1549 3606; x_wconf 88' lang='lat' dir='ltr'><strong>Apul.</strong></span> <span class='ocrx_word' id='word_1_228' title='bbox 1599 3523 1799 3606; x_wconf 89' lang='lat' dir='ltr'><strong>Apol.</strong></span> <span class='ocrx_word' id='word_1_229' title='bbox 1850 3546 1902 3589; x_wconf 90' lang='lat' dir='ltr'><strong>c.</strong></span> <span class='ocrx_word' id='word_1_230' title='bbox 1940 3525 2025 3588; x_wconf 88' lang='grc'><strong>83</strong></span> <span class='ocrx_word' id='word_1_231' title='bbox 2080 3526 2373 3609; x_wconf 75' lang='lat' dir='ltr'><strong>improbo</strong></span> <span class='ocrx_word' id='word_1_232' title='bbox 2426 3547 2503 3589; x_wconf 78' lang='lat' dir='ltr'><strong>ac</strong></span> <span class='ocrx_word' id='word_1_233' title='bbox 2554 3524 2809 3609; x_wconf 78' lang='lat' dir='ltr'><strong>nefario</strong></span> <span class='ocrx_word' id='word_1_234' title='bbox 2863 3525 3121 3588; x_wconf 73' lang='lat' dir='ltr'><strong>homini</strong></span> <span class='ocrx_word' id='word_1_235' title='bbox 3160 3575 3174 3588; x_wconf 92' lang='lat'><strong>.</strong></span> <span class='ocrx_word' id='word_1_236' title='bbox 3220 3576 3233 3588; x_wconf 92' lang='lat'><strong>.</strong></span> 
     </span>
    </p>

    <p class='ocr_par' dir='ltr' id='par_1_10' title="bbox 577 3629 3301 4249">
     <span class='ocr_line' id='line_1_28' title="bbox 579 3629 3301 3714; baseline 0 -20"><span class='ocrx_word' id='word_1_237' title='bbox 579 3651 662 3694; x_wconf 78' lang='lat' dir='ltr'><strong>ne</strong></span> <span class='ocrx_word' id='word_1_238' title='bbox 697 3630 1157 3710; x_wconf 63' lang='lat' dir='ltr'><strong>ausmcctarent,</strong></span> <span class='ocrx_word' id='word_1_239' title='bbox 1193 3631 1323 3694; x_wconf 66' lang='lat' dir='ltr'><strong>sibi</strong></span> <span class='ocrx_word' id='word_1_240' title='bbox 1348 3632 1574 3714; x_wconf 70' lang='lat' dir='ltr'><strong>potius</strong></span> <span class='ocrx_word' id='word_1_241' title='bbox 1609 3631 1937 3695; x_wconf 76' lang='lat' dir='ltr'><strong>audirent.</strong></span> <span class='ocrx_word' id='word_1_242' title='bbox 1988 3629 2087 3696; x_wconf 90' lang='lat' dir='ltr'><strong>At</strong></span> <span class='ocrx_word' id='word_1_243' title='bbox 2111 3631 2438 3696; x_wconf 82' lang='lat' dir='ltr'><strong>Pacuvius</strong></span> <span class='ocrx_word' id='word_1_244' title='bbox 2477 3631 2600 3696; x_wconf 89' lang='lat' dir='ltr'><strong>hoc</strong></span> <span class='ocrx_word' id='word_1_245' title='bbox 2640 3630 2856 3695; x_wconf 89' lang='lat' dir='ltr'><strong>dicere</strong></span> <span class='ocrx_word' id='word_1_246' title='bbox 2888 3629 3054 3694; x_wconf 87' lang='lat' dir='ltr'><strong>vult:</strong></span> <span class='ocrx_word' id='word_1_247' title='bbox 3098 3637 3301 3714; x_wconf 89' lang='lat' dir='ltr'><strong>‘quae</strong></span> 
     </span>
     <span class='ocr_line' id='line_1_29' title="bbox 580 3735 3301 3824; baseline 0.001 -26"><span class='ocrx_word' id='word_1_248' title='bbox 580 3735 962 3819; x_wconf 87' lang='lat' dir='ltr'><strong>haruspices</strong></span> <span class='ocrx_word' id='word_1_249' title='bbox 1008 3735 1439 3816; x_wconf 87' lang='lat' dir='ltr'><strong>hariolantur,</strong></span> <span class='ocrx_word' id='word_1_250' title='bbox 1487 3738 1698 3820; x_wconf 85' lang='lat' dir='ltr'><strong>magis</strong></span> <span class='ocrx_word' id='word_1_251' title='bbox 1743 3738 2010 3803; x_wconf 86' lang='lat' dir='ltr'><strong>auribus</strong></span> <span class='ocrx_word' id='word_1_252' title='bbox 2056 3739 2479 3824; x_wconf 88' lang='lat' dir='ltr'><strong>percipienda</strong></span> <span class='ocrx_word' id='word_1_253' title='bbox 2518 3759 2715 3821; x_wconf 88' lang='lat' dir='ltr'><strong>quam</strong></span> <span class='ocrx_word' id='word_1_254' title='bbox 2754 3737 3046 3802; x_wconf 86' lang='lat' dir='ltr'><strong>curanda</strong></span> <span class='ocrx_word' id='word_1_255' title='bbox 3075 3739 3301 3802; x_wconf 87' lang='lat' dir='ltr'><strong>·sunt’.</strong></span> 
     </span>
     <span class='ocr_line' id='line_1_30' title="bbox 579 3841 3301 3930; baseline 0 -23"><span class='ocrx_word' id='word_1_256' title='bbox 579 3841 816 3926; x_wconf 89' lang='lat' dir='ltr'><strong>Neque</strong></span> <span class='ocrx_word' id='word_1_257' title='bbox 863 3842 1153 3908; x_wconf 83' lang='lat' dir='ltr'><strong>dativum</strong></span> <span class='ocrx_word' id='word_1_258' title='bbox 1198 3845 1346 3908; x_wconf 77' lang='lat' dir='ltr'><strong>istis</strong></span> <span class='ocrx_word' id='word_1_259' title='bbox 1391 3865 1510 3928; x_wconf 87' lang='lat' dir='ltr'><strong>per</strong></span> <span class='ocrx_word' id='word_1_260' title='bbox 1553 3865 1825 3928; x_wconf 84' lang='lat' dir='ltr'><strong>zeugma</strong></span> <span class='ocrx_word' id='word_1_261' title='bbox 1869 3846 2153 3930; x_wconf 83' lang='lat' dir='ltr'><strong>positum</strong></span> <span class='ocrx_word' id='word_1_262' title='bbox 2200 3867 2341 3910; x_wconf 87' lang='lat' dir='ltr'><strong>esse</strong></span> <span class='ocrx_word' id='word_1_263' title='bbox 2389 3844 2711 3924; x_wconf 85' lang='lat' dir='ltr'><strong>conced03</strong></span> <span class='ocrx_word' id='word_1_264' title='bbox 2759 3851 2899 3910; x_wconf 90' lang='lat' dir='ltr'><strong>tum</strong></span> <span class='ocrx_word' id='word_1_265' title='bbox 2936 3865 3301 3928; x_wconf 88' lang='lat' dir='ltr'><strong>pronomen</strong></span> 
     </span>
     <span class='ocr_line' id='line_1_31' title="bbox 577 3948 3299 4035; baseline 0 -22"><span class='ocrx_word' id='word_1_266' title='bbox 577 3949 800 4032; x_wconf 88' lang='lat' dir='ltr'><strong>potius</strong></span> <span class='ocrx_word' id='word_1_267' title='bbox 840 3948 925 4014; x_wconf 91' lang='lat' dir='ltr'><strong>ad</strong></span> <span class='ocrx_word' id='word_1_268' title='bbox 960 3951 1363 4015; x_wconf 76' lang='lat' dir='ltr'><strong>audiendum</strong></span> <span class='ocrx_word' id='word_1_269' title='bbox 1399 3972 1519 4034; x_wconf 90' lang='lat' dir='ltr'><strong>pro</strong></span> <span class='ocrx_word' id='word_1_270' title='bbox 1559 3953 1879 4033; x_wconf 84' lang='lat' dir='ltr'><strong>gravitate</strong></span> <span class='ocrx_word' id='word_1_271' title='bbox 1919 3974 2115 4035; x_wconf 89' lang='lat' dir='ltr'><strong>quam</strong></span> <span class='ocrx_word' id='word_1_272' title='bbox 2152 3952 2235 4017; x_wconf 86' lang='lat' dir='ltr'><strong>ad</strong></span> <span class='ocrx_word' id='word_1_273' title='bbox 2274 3953 2781 4017; x_wconf 76' lang='lat' dir='ltr'><strong>auscultandum</strong></span> <span class='ocrx_word' id='word_1_274' title='bbox 2810 3949 3299 4017; x_wconf 85' lang='lat' dir='ltr'><strong>accommodari</strong></span> 
     </span>
     <span class='ocr_line' id='line_1_32' title="bbox 580 4055 3299 4140; baseline -0 -18"><span class='ocrx_word' id='word_1_275' title='bbox 580 4056 887 4140; x_wconf 87' lang='lat' dir='ltr'><strong>oportuit.</strong></span> <span class='ocrx_word' id='word_1_276' title='bbox 972 4055 1192 4140; x_wconf 82' lang='lat' dir='ltr'><strong>Quare</strong></span> <span class='ocrx_word' id='word_1_277' title='bbox 1239 4057 1326 4122; x_wconf 87' lang='lat' dir='ltr'><strong>ad</strong></span> <span class='ocrx_word' id='word_1_278' title='bbox 1370 4060 1774 4124; x_wconf 72' lang='lat' dir='ltr'><strong>audiendum</strong></span> <span class='ocrx_word' id='word_1_279' title='bbox 1818 4065 1885 4124; x_wconf 90' lang='lat' dir='ltr'><strong>et</strong></span> <span class='ocrx_word' id='word_1_280' title='bbox 1926 4061 2435 4124; x_wconf 77' lang='lat' dir='ltr'><strong>auscultandmn</strong></span> <span class='ocrx_word' id='word_1_281' title='bbox 2480 4057 2730 4122; x_wconf 88' lang='lat' dir='ltr'><strong>nullum</strong></span> <span class='ocrx_word' id='word_1_282' title='bbox 2778 4057 3105 4124; x_wconf 92' lang='lat' dir='ltr'><strong>obiectum</strong></span> <span class='ocrx_word' id='word_1_283' title='bbox 3148 4079 3299 4140; x_wconf 90' lang='lat' dir='ltr'><strong>per-</strong></span> 
     </span>
     <span class='ocr_line' id='line_1_33' title="bbox 577 4162 3295 4249; baseline 0 -23"><span class='ocrx_word' id='word_1_284' title='bbox 577 4162 785 4227; x_wconf 86' lang='lat' dir='ltr'><strong>tinere</strong></span> <span class='ocrx_word' id='word_1_285' title='bbox 831 4169 1012 4248; x_wconf 89' lang='lat' dir='ltr'><strong>puto,</strong></span> <span class='ocrx_word' id='word_1_286' title='bbox 1063 4163 1178 4228; x_wconf 88' lang='lat' dir='ltr'><strong>sed</strong></span> <span class='ocrx_word' id='word_1_287' title='bbox 1225 4163 1522 4228; x_wconf 86' lang='lat' dir='ltr'><strong>absolute</strong></span> <span class='ocrx_word' id='word_1_288' title='bbox 1573 4163 1820 4229; x_wconf 88' lang='lat' dir='ltr'><strong>dictum</strong></span> <span class='ocrx_word' id='word_1_289' title='bbox 1876 4185 2017 4230; x_wconf 89' lang='lat' dir='ltr'><strong>esse</strong></span> <span class='ocrx_word' id='word_1_290' title='bbox 2063 4185 2181 4249; x_wconf 90' lang='lat' dir='ltr'><strong>per</strong></span> <span class='ocrx_word' id='word_1_291' title='bbox 2228 4164 2668 4230; x_wconf 88' lang='lat' dir='ltr'><strong>anacoluthon</strong></span> <span class='ocrx_word' id='word_1_292' title='bbox 2724 4173 3060 4249; x_wconf 90' lang='lat' dir='ltr'><strong>tamquam</strong></span> <span class='ocrx_word' id='word_1_293' title='bbox 3106 4185 3295 4247; x_wconf 84' lang='lat' dir='ltr'><strong>prae-</strong></span> 
     </span>
    </p>
   </div>
   <div class='ocr_carea' id='block_1_10' title="bbox 581 4305 1002 4316">
    <p class='ocr_par' dir='ltr' id='par_1_11' title="bbox 581 4305 1002 4316">
     <span class='ocr_line' id='line_1_34' title="bbox 581 4305 1002 4316; baseline 0 793"><span class='ocrx_word' id='word_1_294' title='bbox 581 4305 1002 4316; x_wconf 95' lang='lat' dir='ltr'><strong> </strong></span> 
     </span>
    </p>
   </div>
   <div class='ocr_carea' id='block_1_11' title="bbox 571 4371 3291 4894">
    <p class='ocr_par' dir='ltr' id='par_1_12' title="bbox 573 4371 3291 4535">
     <span class='ocr_line' id='line_1_35' title="bbox 796 4371 3291 4433; baseline 0.002 -7"><span class='ocrx_word' id='word_1_295' title='bbox 796 4371 815 4408; x_wconf 85' lang='lat'><em>²</em></span> <span class='ocrx_word' id='word_1_296' title='bbox 851 4373 1022 4426; x_wconf 84' lang='lat' dir='ltr'><strong>Hunc</strong></span> <span class='ocrx_word' id='word_1_297' title='bbox 1059 4375 1409 4428; x_wconf 87' lang='lat' dir='ltr'><strong>octonarium</strong></span> <span class='ocrx_word' id='word_1_298' title='bbox 1448 4375 1752 4430; x_wconf 83' lang='lat' dir='ltr'><strong>iambicum</strong></span> <span class='ocrx_word' id='word_1_299' title='bbox 1781 4393 1815 4429; x_wconf 89' lang='lat' dir='ltr'><strong>a</strong></span> <span class='ocrx_word' id='word_1_300' title='bbox 1845 4374 2155 4430; x_wconf 85' lang='lat' dir='ltr'><strong>Ribbeckio</strong></span> <span class='ocrx_word' id='word_1_301' title='bbox 2186 4378 2521 4432; x_wconf 83' lang='lat' dir='ltr'><strong>coniecturis</strong></span> <span class='ocrx_word' id='word_1_302' title='bbox 2550 4377 2815 4432; x_wconf 85' lang='lat' dir='ltr'><strong>adhibitis</strong></span> <span class='ocrx_word' id='word_1_303' title='bbox 2845 4378 2906 4430; x_wconf 88' lang='lat' dir='ltr'><strong>in</strong></span> <span class='ocrx_word' id='word_1_304' title='bbox 2934 4377 3073 4432; x_wconf 86' lang='lat' dir='ltr'><strong>duos</strong></span> <span class='ocrx_word' id='word_1_305' title='bbox 3100 4395 3291 4433; x_wconf 76' lang='lat' dir='ltr'><strong>versus</strong></span> 
     </span>
     <span class='ocr_line' id='line_1_36' title="bbox 573 4461 2508 4535; baseline 0.001 -19"><span class='ocrx_word' id='word_1_306' title='bbox 573 4461 806 4516; x_wconf 77' lang='lat' dir='ltr'><strong>discribi</strong></span> <span class='ocrx_word' id='word_1_307' title='bbox 843 4461 1068 4516; x_wconf 87' lang='lat' dir='ltr'><strong>Vahlen</strong></span> <span class='ocrx_word' id='word_1_308' title='bbox 1105 4464 1164 4515; x_wconf 91' lang='lat' dir='ltr'><strong>in</strong></span> <span class='ocrx_word' id='word_1_309' title='bbox 1201 4463 1384 4517; x_wconf 90' lang='lat' dir='ltr'><strong>indice</strong></span> <span class='ocrx_word' id='word_1_310' title='bbox 1422 4464 1550 4518; x_wconf 86' lang='lat' dir='ltr'><strong>lect.</strong></span> <span class='ocrx_word' id='word_1_311' title='bbox 1590 4481 1640 4518; x_wconf 86' lang='lat' dir='ltr'><strong>a.</strong></span> <span class='ocrx_word' id='word_1_312' title='bbox 1680 4464 1834 4530; x_wconf 81' lang='lat'>1903,</span> <span class='ocrx_word' id='word_1_313' title='bbox 1871 4483 1924 4534; x_wconf 88' lang='lat' dir='ltr'><strong>p.</strong></span> <span class='ocrx_word' id='word_1_314' title='bbox 1956 4466 1985 4518; x_wconf 84' lang='lat'><strong>7</strong></span> <span class='ocrx_word' id='word_1_315' title='bbox 2026 4471 2175 4519; x_wconf 87' lang='lat' dir='ltr'><strong>recte</strong></span> <span class='ocrx_word' id='word_1_316' title='bbox 2212 4467 2508 4535; x_wconf 85' lang='lat' dir='ltr'><strong>improbat.</strong></span> 
     </span>
    </p>

    <p class='ocr_par' dir='ltr' id='par_1_13' title="bbox 571 4549 3289 4894">
     <span class='ocr_line' id='line_1_37' title="bbox 791 4549 3289 4624; baseline 0.003 -20"><span class='ocrx_word' id='word_1_317' title='bbox 791 4549 813 4584; x_wconf 82' lang='lat'>²</span> <span class='ocrx_word' id='word_1_318' title='bbox 855 4551 977 4619; x_wconf 89' lang='lat' dir='ltr'><strong>Vel,</strong></span> <span class='ocrx_word' id='word_1_319' title='bbox 1015 4555 1080 4608; x_wconf 90' lang='lat' dir='ltr'><strong>ut</strong></span> <span class='ocrx_word' id='word_1_320' title='bbox 1115 4553 1288 4622; x_wconf 85' lang='lat' dir='ltr'><strong>ipsius</strong></span> <span class='ocrx_word' id='word_1_321' title='bbox 1327 4552 1496 4606; x_wconf 86' lang='lat' dir='ltr'><strong>verba</strong></span> <span class='ocrx_word' id='word_1_322' title='bbox 1535 4569 1839 4622; x_wconf 85' lang='lat' dir='ltr'><strong>apponam:</strong></span> <span class='ocrx_word' id='word_1_323' title='bbox 1880 4555 2034 4623; x_wconf 88' lang='lat' dir='ltr'><strong>„eine</strong></span> <span class='ocrx_word' id='word_1_324' title='bbox 2074 4554 2437 4610; x_wconf 80' lang='lat' dir='ltr'><strong>Verbalform</strong></span> <span class='ocrx_word' id='word_1_325' title='bbox 2466 4596 2483 4614; x_wconf 88' lang='lat'><strong>.</strong></span> <span class='ocrx_word' id='word_1_326' title='bbox 2512 4595 2552 4624; x_wconf 87' lang='lat'><strong>.‚</strong></span> <span class='ocrx_word' id='word_1_327' title='bbox 2591 4557 2649 4609; x_wconf 88' lang='lat' dir='ltr'><strong>in</strong></span> <span class='ocrx_word' id='word_1_328' title='bbox 2686 4556 2786 4609; x_wconf 87' lang='lat' dir='ltr'><strong>der</strong></span> <span class='ocrx_word' id='word_1_329' title='bbox 2811 4553 2938 4613; x_wconf 88' lang='lat' dir='ltr'><strong>Ind.</strong></span> <span class='ocrx_word' id='word_1_330' title='bbox 2968 4557 3085 4610; x_wconf 89' lang='lat' dir='ltr'><strong>und</strong></span> <span class='ocrx_word' id='word_1_331' title='bbox 3114 4557 3289 4624; x_wconf 83' lang='lat' dir='ltr'><strong>Konj.</strong></span> 
     </span>
     <span class='ocr_line' id='line_1_38' title="bbox 571 4640 3285 4713; baseline 0.003 -21"><span class='ocrx_word' id='word_1_332' title='bbox 571 4640 720 4693; x_wconf 88' lang='lat' dir='ltr'><strong>noch</strong></span> <span class='ocrx_word' id='word_1_333' title='bbox 759 4640 1172 4709; x_wconf 82' lang='lat' dir='ltr'><strong>ungeschieden</strong></span> <span class='ocrx_word' id='word_1_334' title='bbox 1209 4642 1728 4711; x_wconf 82' lang='lat' dir='ltr'><strong>zusammenliegen,</strong></span> <span class='ocrx_word' id='word_1_335' title='bbox 1774 4644 1897 4696; x_wconf 89' lang='lat' dir='ltr'><strong>eine</strong></span> <span class='ocrx_word' id='word_1_336' title='bbox 1936 4641 2121 4712; x_wconf 88' lang='lat' dir='ltr'><strong>Form,</strong></span> <span class='ocrx_word' id='word_1_337' title='bbox 2161 4644 2251 4698; x_wconf 86' lang='lat' dir='ltr'><strong>die</strong></span> <span class='ocrx_word' id='word_1_338' title='bbox 2288 4645 2447 4698; x_wconf 82' lang='lat' dir='ltr'><strong>nicht</strong></span> <span class='ocrx_word' id='word_1_339' title='bbox 2482 4661 2589 4699; x_wconf 82' lang='lat' dir='ltr'><strong>nur</strong></span> <span class='ocrx_word' id='word_1_340' title='bbox 2622 4643 2830 4713; x_wconf 62' lang='lat' dir='ltr'><strong>modin,</strong></span> <span class='ocrx_word' id='word_1_341' title='bbox 2868 4645 3107 4700; x_wconf 83' lang='lat' dir='ltr'><strong>sondern</strong></span> <span class='ocrx_word' id='word_1_342' title='bbox 3144 4646 3285 4699; x_wconf 86' lang='lat' dir='ltr'><strong>auch</strong></span> 
     </span>
     <span class='ocr_line' id='line_1_39' title="bbox 571 4729 3287 4803; baseline 0.002 -22"><span class='ocrx_word' id='word_1_343' title='bbox 571 4730 849 4796; x_wconf 68' lang='lat' dir='ltr'><strong>oemporal</strong></span> <span class='ocrx_word' id='word_1_344' title='bbox 879 4730 1262 4797; x_wconf 82' lang='lat' dir='ltr'><strong>unbestimmt,</strong></span> <span class='ocrx_word' id='word_1_345' title='bbox 1292 4729 1345 4781; x_wconf 88' lang='lat' dir='ltr'><strong>d.</strong></span> <span class='ocrx_word' id='word_1_346' title='bbox 1375 4731 1428 4782; x_wconf 92' lang='lat' dir='ltr'><strong>h.</strong></span> <span class='ocrx_word' id='word_1_347' title='bbox 1458 4731 1843 4785; x_wconf 85' lang='lat' dir='ltr'><strong>zeitstufenlos</strong></span> <span class='ocrx_word' id='word_1_348' title='bbox 1874 4733 1998 4785; x_wconf 82' lang='lat' dir='ltr'><strong>ist“.</strong></span> <span class='ocrx_word' id='word_1_349' title='bbox 2028 4731 2247 4787; x_wconf 87' lang='lat' dir='ltr'><strong>Similia</strong></span> <span class='ocrx_word' id='word_1_350' title='bbox 2266 4735 2518 4803; x_wconf 80' lang='lat' dir='ltr'><strong>vestigia,</strong></span> <span class='ocrx_word' id='word_1_351' title='bbox 2548 4734 2748 4803; x_wconf 88' lang='lat' dir='ltr'><strong>quibus</strong></span> <span class='ocrx_word' id='word_1_352' title='bbox 2770 4732 3026 4788; x_wconf 81' lang='lat' dir='ltr'><strong>adfinitas</strong></span> <span class='ocrx_word' id='word_1_353' title='bbox 3048 4733 3223 4789; x_wconf 82' lang='lat' dir='ltr'><strong>futuri</strong></span> <span class='ocrx_word' id='word_1_354' title='bbox 3242 4735 3287 4790; x_wconf 91' lang='grc' dir='ltr'><strong>Ι.</strong></span> 
     </span>
     <span class='ocr_line' id='line_1_40' title="bbox 571 4817 2727 4894; baseline 0.004 -24"><span class='ocrx_word' id='word_1_355' title='bbox 571 4823 634 4870; x_wconf 85' lang='lat' dir='ltr'><strong>et</strong></span> <span class='ocrx_word' id='word_1_356' title='bbox 671 4817 1015 4869; x_wconf 86' lang='lat' dir='ltr'><strong>coniunctivi</strong></span> <span class='ocrx_word' id='word_1_357' title='bbox 1051 4833 1231 4885; x_wconf 84' lang='lat' dir='ltr'><strong>praes.</strong></span> <span class='ocrx_word' id='word_1_358' title='bbox 1271 4817 1598 4886; x_wconf 84' lang='lat' dir='ltr'><strong>ostenditur,</strong></span> <span class='ocrx_word' id='word_1_359' title='bbox 1640 4817 1805 4873; x_wconf 82' lang='lat' dir='ltr'><strong>Blase</strong></span> <span class='ocrx_word' id='word_1_360' title='bbox 1844 4820 1979 4874; x_wconf 89' lang='lat' dir='ltr'><strong>ibid.</strong></span> <span class='ocrx_word' id='word_1_361' title='bbox 2017 4839 2069 4890; x_wconf 88' lang='lat' dir='ltr'><strong>p.</strong></span> <span class='ocrx_word' id='word_1_362' title='bbox 2100 4823 2381 4878; x_wconf 84' lang='lat'>543-547</span> <span class='ocrx_word' id='word_1_363' title='bbox 2419 4823 2727 4894; x_wconf 79' lang='lat' dir='ltr'><strong>indagavit.</strong></span> 
     </span>
    </p>
   </div>
   <div class='ocr_carea' id='block_1_12' title="bbox 3506 1498 3517 2251">
    <p class='ocr_par' dir='ltr' id='par_1_14' title="bbox 3506 1498 3517 2251">
     <span class='ocr_line' id='line_1_41' title="bbox 3506 1498 3517 2251; baseline 0 0"><span class='ocrx_word' id='word_1_364' title='bbox 3506 1498 3517 2251; x_wconf 95' lang='lat' dir='ltr'><strong> </strong></span> 
     </span>
    </p>
   </div>
   <div class='ocr_carea' id='block_1_13' title="bbox 3505 1498 3518 2434">
    <p class='ocr_par' dir='ltr' id='par_1_15' title="bbox 3505 1498 3518 2434">
     <span class='ocr_line' id='line_1_42' title="bbox 3505 1498 3518 2434; baseline 0 0"><span class='ocrx_word' id='word_1_365' title='bbox 3505 1498 3518 2434; x_wconf 95' lang='lat' dir='ltr'><strong> </strong></span> 
     </span>
    </p>
   </div>
   <div class='ocr_carea' id='block_1_14' title="bbox 3510 3220 3512 3300">
    <p class='ocr_par' dir='ltr' id='par_1_16' title="bbox 3510 3220 3512 3324">
     <span class='ocr_line' id='line_1_43' title="bbox 3510 3220 3512 3300; baseline 0 16"><span class='ocrx_word' id='word_1_366' title='bbox 3510 3220 3512 3300; x_wconf 55' lang='lat' dir='ltr'><strong>l</strong></span> 
     </span>
    </p>
   </div>
   <div class='ocr_carea' id='block_1_15' title="bbox 3508 3674 3516 4256">
    <p class='ocr_par' dir='ltr' id='par_1_17' title="bbox 3508 3674 3516 4256">
     <span class='ocr_line' id='line_1_44' title="bbox 3508 3674 3516 4256; baseline 0 0"><span class='ocrx_word' id='word_1_367' title='bbox 3508 3674 3516 4256; x_wconf 95' lang='lat' dir='ltr'><strong> </strong></span> 
     </span>
    </p>
   </div>
  </div>
 </body>
</html>
