<?xml version="1.0" encoding="UTF-8"?>
<!DOCTYPE html PUBLIC "-//W3C//DTD XHTML 1.0 Transitional//EN"
    "http://www.w3.org/TR/xhtml1/DTD/xhtml1-transitional.dtd">
<html xmlns="http://www.w3.org/1999/xhtml" xml:lang="en" lang="en">
 <head>
  <title>
</title>
<meta http-equiv="Content-Type" content="text/html;charset=utf-8" />
  <meta name='ocr-system' content='tesseract 3.04.00' />
  <meta name='ocr-capabilities' content='ocr_page ocr_carea ocr_par ocr_line ocrx_word'/>
</head>
<body>
  <div class='ocr_page' id='page_1' title='image "./dissertationesp09wiengoog_0278.png"; bbox 0 0 3567 5109; ppageno 0'>
   <div class='ocr_carea' id='block_1_1' title="bbox 1726 218 2169 280">
    <p class='ocr_par' dir='ltr' id='par_1_1' title="bbox 1726 218 2169 280">
     <span class='ocr_line' id='line_1_1' title="bbox 1726 218 2169 280; baseline 0.002 -19"><span class='ocrx_word' id='word_1_1' title='bbox 1726 218 2169 280; x_wconf 73' lang='lat'>-64-</span> 
     </span>
    </p>
   </div>
   <div class='ocr_carea' id='block_1_2' title="bbox 996 443 2901 547">
    <p class='ocr_par' dir='ltr' id='par_1_2' title="bbox 996 443 2901 547">
     <span class='ocr_line' id='line_1_2' title="bbox 996 443 2901 547; baseline 0 -20"><span class='ocrx_word' id='word_1_2' title='bbox 996 444 1083 527; x_wconf 86' lang='lat' dir='ltr'><strong>V.</strong></span> <span class='ocrx_word' id='word_1_3' title='bbox 1142 444 1301 529; x_wconf 78' lang='lat' dir='ltr'><strong>Quo</strong></span> <span class='ocrx_word' id='word_1_4' title='bbox 1357 444 1719 547; x_wconf 87' lang='lat' dir='ltr'><strong>tempore</strong></span> <span class='ocrx_word' id='word_1_5' title='bbox 1774 443 2146 545; x_wconf 82' lang='lat' dir='ltr'><strong>dialogus</strong></span> <span class='ocrx_word' id='word_1_6' title='bbox 2203 444 2714 547; x_wconf 83' lang='lat' dir='ltr'><strong>conscriptus</strong></span> <span class='ocrx_word' id='word_1_7' title='bbox 2771 443 2901 527; x_wconf 85' lang='lat' dir='ltr'><strong>sit.</strong></span> 
     </span>
    </p>
   </div>
   <div class='ocr_carea' id='block_1_3' title="bbox 586 657 3342 1063">
    <p class='ocr_par' dir='ltr' id='par_1_3' title="bbox 586 657 3342 1063">
     <span class='ocr_line' id='line_1_3' title="bbox 800 657 3342 742; baseline -0.002 -17"><span class='ocrx_word' id='word_1_8' title='bbox 800 659 991 725; x_wconf 87' lang='lat' dir='ltr'><strong>Haec</strong></span> <span class='ocrx_word' id='word_1_9' title='bbox 1048 661 1349 742; x_wconf 80' lang='lat' dir='ltr'><strong>quaestio</strong></span> <span class='ocrx_word' id='word_1_10' title='bbox 1406 660 1733 725; x_wconf 72' lang='lat' dir='ltr'><strong>artissime</strong></span> <span class='ocrx_word' id='word_1_11' title='bbox 1791 661 2148 725; x_wconf 87' lang='lat' dir='ltr'><strong>coniuncta</strong></span> <span class='ocrx_word' id='word_1_12' title='bbox 2203 666 2308 724; x_wconf 94' lang='lat' dir='ltr'><strong>est</strong></span> <span class='ocrx_word' id='word_1_13' title='bbox 2353 681 2500 725; x_wconf 90' lang='lat' dir='ltr'><strong>cum</strong></span> <span class='ocrx_word' id='word_1_14' title='bbox 2547 661 2776 737; x_wconf 84' lang='lat' dir='ltr'><strong>altera,</strong></span> <span class='ocrx_word' id='word_1_15' title='bbox 2826 657 2986 742; x_wconf 88' lang='lat' dir='ltr'><strong>quid</strong></span> <span class='ocrx_word' id='word_1_16' title='bbox 3033 660 3342 741; x_wconf 80' lang='lat' dir='ltr'><strong>scriptor</strong></span> 
     </span>
     <span class='ocr_line' id='line_1_4' title="bbox 588 766 3334 851; baseline -0.002 -20"><span class='ocrx_word' id='word_1_17' title='bbox 588 788 910 831; x_wconf 90' lang='lat' dir='ltr'><strong>summam</strong></span> <span class='ocrx_word' id='word_1_18' title='bbox 976 766 1225 849; x_wconf 84' lang='lat' dir='ltr'>dialogi</span> <span class='ocrx_word' id='word_1_19' title='bbox 1282 788 1425 831; x_wconf 89' lang='lat' dir='ltr'><strong>esse</strong></span> <span class='ocrx_word' id='word_1_20' title='bbox 1484 766 1784 846; x_wconf 85' lang='lat' dir='ltr'><strong>voluerit,</strong></span> <span class='ocrx_word' id='word_1_21' title='bbox 1845 789 2042 851; x_wconf 89' lang='lat' dir='ltr'><strong>quam</strong></span> <span class='ocrx_word' id='word_1_22' title='bbox 2101 768 2554 850; x_wconf 89' lang='lat' dir='ltr'><strong>quaestionem</strong></span> <span class='ocrx_word' id='word_1_23' title='bbox 2613 788 2811 849; x_wconf 89' lang='lat' dir='ltr'><strong>supra</strong></span> <span class='ocrx_word' id='word_1_24' title='bbox 2863 766 3334 831; x_wconf 74' lang='lat' dir='ltr'><strong>tractavimus,</strong></span> 
     </span>
     <span class='ocr_line' id='line_1_5' title="bbox 586 873 3330 957; baseline -0.002 -18"><span class='ocrx_word' id='word_1_25' title='bbox 586 875 841 953; x_wconf 80' lang='lat' dir='ltr'><strong>Restat,</strong></span> <span class='ocrx_word' id='word_1_26' title='bbox 908 880 985 939; x_wconf 90' lang='lat' dir='ltr'><strong>ut</strong></span> <span class='ocrx_word' id='word_1_27' title='bbox 1046 895 1242 957; x_wconf 88' lang='lat' dir='ltr'><strong>quem</strong></span> <span class='ocrx_word' id='word_1_28' title='bbox 1306 895 1554 939; x_wconf 90' lang='lat' dir='ltr'><strong>annum</strong></span> <span class='ocrx_word' id='word_1_29' title='bbox 1618 874 2057 939; x_wconf 80' lang='lat' dir='ltr'><strong>indicaverint</strong></span> <span class='ocrx_word' id='word_1_30' title='bbox 2120 875 2241 939; x_wconf 81' lang='lat' dir='ltr'><strong>viri</strong></span> <span class='ocrx_word' id='word_1_31' title='bbox 2309 874 2507 953; x_wconf 89' lang='lat' dir='ltr'><strong>docti,</strong></span> <span class='ocrx_word' id='word_1_32' title='bbox 2561 874 2790 957; x_wconf 85' lang='lat' dir='ltr'><strong>paucis</strong></span> <span class='ocrx_word' id='word_1_33' title='bbox 2845 873 3330 937; x_wconf 76' lang='lat' dir='ltr'><strong>examinemus.</strong></span> 
     </span>
     <span class='ocr_line' id='line_1_6' title="bbox 588 979 3328 1063; baseline -0.002 -16"><span class='ocrx_word' id='word_1_34' title='bbox 588 982 691 1047; x_wconf 90' lang='lat' dir='ltr'><strong>Ac</strong></span> <span class='ocrx_word' id='word_1_35' title='bbox 740 982 1021 1063; x_wconf 90' lang='lat' dir='ltr'><strong>primum</strong></span> <span class='ocrx_word' id='word_1_36' title='bbox 1069 981 1333 1063; x_wconf 86' lang='lat' dir='ltr'><strong>quidem</strong></span> <span class='ocrx_word' id='word_1_37' title='bbox 1380 1002 1607 1045; x_wconf 87' lang='lat' dir='ltr'><strong>eorum</strong></span> <span class='ocrx_word' id='word_1_38' title='bbox 1662 982 1951 1045; x_wconf 82' lang='lat' dir='ltr'><strong>virorum</strong></span> <span class='ocrx_word' id='word_1_39' title='bbox 2008 982 2372 1047; x_wconf 87' lang='lat' dir='ltr'><strong>sententias</strong></span> <span class='ocrx_word' id='word_1_40' title='bbox 2429 981 2817 1059; x_wconf 86' lang='lat' dir='ltr'><strong>adferemus,</strong></span> <span class='ocrx_word' id='word_1_41' title='bbox 2887 982 2998 1063; x_wconf 90' lang='lat' dir='ltr'><strong>qui</strong></span> <span class='ocrx_word' id='word_1_42' title='bbox 3067 979 3328 1060; x_wconf 79' lang='lat' dir='ltr'><strong>dialogi</strong></span> 
     </span>
    </p>
   </div>
   <div class='ocr_carea' id='block_1_4' title="bbox 504 1086 3326 1171">
    <p class='ocr_par' dir='ltr' id='par_1_4' title="bbox 504 1086 3326 1171">
     <span class='ocr_line' id='line_1_7' title="bbox 504 1086 3326 1171; baseline -0.002 -18"><span class='ocrx_word' id='word_1_43' title='bbox 504 1094 511 1099; x_wconf 80' lang='grc'><strong>’</strong></span> <span class='ocrx_word' id='word_1_44' title='bbox 585 1088 781 1153; x_wconf 86' lang='grc'><strong>11111113</strong></span> <span class='ocrx_word' id='word_1_45' title='bbox 829 1088 1269 1171; x_wconf 81' lang='lat' dir='ltr'><strong>patrocinium</strong></span> <span class='ocrx_word' id='word_1_46' title='bbox 1316 1094 1764 1169; x_wconf 87' lang='lat' dir='ltr'><strong>susceperunt.</strong></span> <span class='ocrx_word' id='word_1_47' title='bbox 1859 1086 2306 1153; x_wconf 87' lang='lat' dir='ltr'><strong>Steinhartius</strong></span> <span class='ocrx_word' id='word_1_48' title='bbox 2361 1088 2623 1171; x_wconf 89' lang='lat' dir='ltr'><strong>quidem</strong></span> <span class='ocrx_word' id='word_1_49' title='bbox 2675 1086 3088 1151; x_wconf 83' lang='lat' dir='ltr'><strong>Alcibiadem</strong></span> <span class='ocrx_word' id='word_1_50' title='bbox 3135 1109 3326 1150; x_wconf 83' lang='lat' dir='ltr'><strong>anno</strong></span> 
     </span>
    </p>
   </div>
   <div class='ocr_carea' id='block_1_5' title="bbox 588 1192 3326 4590">
    <p class='ocr_par' dir='ltr' id='par_1_5' title="bbox 588 1192 3326 3737">
     <span class='ocr_line' id='line_1_8' title="bbox 590 1192 3326 1279; baseline -0.002 -18"><span class='ocrx_word' id='word_1_51' title='bbox 590 1197 719 1261; x_wconf 84' lang='lat'><strong>406</strong></span> <span class='ocrx_word' id='word_1_52' title='bbox 756 1217 799 1259; x_wconf 87' lang='lat' dir='ltr'><strong>a</strong></span> <span class='ocrx_word' id='word_1_53' title='bbox 824 1195 1109 1259; x_wconf 89' lang='lat' dir='ltr'><strong>Platone</strong></span> <span class='ocrx_word' id='word_1_54' title='bbox 1148 1196 1594 1278; x_wconf 85' lang='lat' dir='ltr'><strong>conscriptum</strong></span> <span class='ocrx_word' id='word_1_55' title='bbox 1632 1216 1775 1260; x_wconf 88' lang='lat' dir='ltr'><strong>esse</strong></span> <span class='ocrx_word' id='word_1_56' title='bbox 1815 1197 2146 1279; x_wconf 81' lang='lat' dir='ltr'><strong>opinatur,</strong></span> <span class='ocrx_word' id='word_1_57' title='bbox 2187 1216 2316 1277; x_wconf 91' lang='lat' dir='ltr'><strong>quo</strong></span> <span class='ocrx_word' id='word_1_58' title='bbox 2352 1216 2526 1260; x_wconf 91' lang='lat' dir='ltr'><strong>anno</strong></span> <span class='ocrx_word' id='word_1_59' title='bbox 2559 1193 2866 1259; x_wconf 80' lang='lat' dir='ltr'><strong>Socrates</strong></span> <span class='ocrx_word' id='word_1_60' title='bbox 2893 1192 3326 1259; x_wconf 81' lang='lat' dir='ltr'><strong>Alcibiadem</strong></span> 
     </span>
     <span class='ocr_line' id='line_1_9' title="bbox 588 1302 3324 1385; baseline -0.002 -18"><span class='ocrx_word' id='word_1_61' title='bbox 588 1305 721 1367; x_wconf 90' lang='lat' dir='ltr'><strong>iam</strong></span> <span class='ocrx_word' id='word_1_62' title='bbox 787 1324 827 1365; x_wconf 88' lang='lat' dir='ltr'><strong>a</strong></span> <span class='ocrx_word' id='word_1_63' title='bbox 880 1302 1147 1385; x_wconf 87' lang='lat' dir='ltr'><strong>fastigio</strong></span> <span class='ocrx_word' id='word_1_64' title='bbox 1204 1302 1477 1367; x_wconf 86' lang='lat' dir='ltr'><strong>honoris</strong></span> <span class='ocrx_word' id='word_1_65' title='bbox 1533 1310 1602 1366; x_wconf 88' lang='lat' dir='ltr'><strong>et</strong></span> <span class='ocrx_word' id='word_1_66' title='bbox 1656 1305 2072 1368; x_wconf 86' lang='lat' dir='ltr'><strong>auctorit-atis</strong></span> <span class='ocrx_word' id='word_1_67' title='bbox 2126 1304 2364 1367; x_wconf 88' lang='lat' dir='ltr'><strong>iterum</strong></span> <span class='ocrx_word' id='word_1_68' title='bbox 2421 1302 2842 1384; x_wconf 87' lang='lat' dir='ltr'><strong>delapsurum</strong></span> <span class='ocrx_word' id='word_1_69' title='bbox 2889 1320 3324 1365; x_wconf 73' lang='lat' dir='ltr'><strong>commonens</strong></span> 
     </span>
     <span class='ocr_line' id='line_1_10' title="bbox 588 1406 3324 1491; baseline -0.002 -18"><span class='ocrx_word' id='word_1_70' title='bbox 588 1410 894 1491; x_wconf 82' lang='lat' dir='ltr'><strong>fingatur,</strong></span> <span class='ocrx_word' id='word_1_71' title='bbox 942 1415 1019 1471; x_wconf 89' lang='lat' dir='ltr'><strong>ut</strong></span> <span class='ocrx_word' id='word_1_72' title='bbox 1064 1408 1149 1473; x_wconf 91' lang='lat' dir='ltr'><strong>ad</strong></span> <span class='ocrx_word' id='word_1_73' title='bbox 1195 1410 1397 1473; x_wconf 83' lang='lat' dir='ltr'><strong>vitam</strong></span> <span class='ocrx_word' id='word_1_74' title='bbox 1447 1410 1814 1491; x_wconf 85' lang='lat' dir='ltr'><strong>sapientem</strong></span> <span class='ocrx_word' id='word_1_75' title='bbox 1861 1416 1928 1474; x_wconf 89' lang='lat' dir='ltr'><strong>et</strong></span> <span class='ocrx_word' id='word_1_76' title='bbox 1973 1410 2318 1475; x_wconf 85' lang='lat' dir='ltr'><strong>honestam</strong></span> <span class='ocrx_word' id='word_1_77' title='bbox 2364 1415 2744 1474; x_wconf 87' lang='lat' dir='ltr'><strong>revertatur.</strong></span> <span class='ocrx_word' id='word_1_78' title='bbox 2801 1408 3054 1474; x_wconf 82' lang='lat' dir='ltr'><strong>Contra</strong></span> <span class='ocrx_word' id='word_1_79' title='bbox 3093 1406 3163 1471; x_wconf 83' lang='lat' dir='ltr'><strong>C.</strong></span> <span class='ocrx_word' id='word_1_80' title='bbox 3205 1406 3324 1469; x_wconf 74' lang='lat' dir='ltr'><strong>Fr.</strong></span> 
     </span>
     <span class='ocr_line' id='line_1_11' title="bbox 588 1514 3318 1598; baseline -0.001 -19"><span class='ocrx_word' id='word_1_81' title='bbox 588 1515 1015 1579; x_wconf 88' lang='lat' dir='ltr'><strong>Hermannus</strong></span> <span class='ocrx_word' id='word_1_82' title='bbox 1084 1518 1379 1597; x_wconf 81' lang='lat' dir='ltr'><strong>proximo</strong></span> <span class='ocrx_word' id='word_1_83' title='bbox 1447 1523 1601 1598; x_wconf 89' lang='lat' dir='ltr'><strong>post</strong></span> <span class='ocrx_word' id='word_1_84' title='bbox 1663 1516 1850 1580; x_wconf 90' lang='lat' dir='ltr'><strong>illum</strong></span> <span class='ocrx_word' id='word_1_85' title='bbox 1903 1516 2208 1580; x_wconf 85' lang='lat' dir='ltr'><strong>fortunae</strong></span> <span class='ocrx_word' id='word_1_86' title='bbox 2267 1538 2490 1581; x_wconf 88' lang='lat' dir='ltr'><strong>casum</strong></span> <span class='ocrx_word' id='word_1_87' title='bbox 2545 1516 2828 1597; x_wconf 83' lang='lat' dir='ltr'><strong>tempori</strong></span> <span class='ocrx_word' id='word_1_88' title='bbox 2881 1514 3130 1591; x_wconf 86' lang='lat' dir='ltr'><strong>tribuit,</strong></span> <span class='ocrx_word' id='word_1_89' title='bbox 3177 1534 3318 1595; x_wconf 83' lang='grc'><strong>111111</strong></span> 
     </span>
     <span class='ocr_line' id='line_1_12' title="bbox 590 1620 3316 1706; baseline -0.001 -20"><span class='ocrx_word' id='word_1_90' title='bbox 590 1621 976 1686; x_wconf 88' lang='lat' dir='ltr'><strong>Alcibiades</strong></span> <span class='ocrx_word' id='word_1_91' title='bbox 1007 1620 1301 1687; x_wconf 88' lang='lat' dir='ltr'><strong>Socratis</strong></span> <span class='ocrx_word' id='word_1_92' title='bbox 1341 1622 1693 1706; x_wconf 85' lang='lat' dir='ltr'><strong>disciplina</strong></span> <span class='ocrx_word' id='word_1_93' title='bbox 1730 1630 2130 1706; x_wconf 88' lang='lat' dir='ltr'><strong>contempta,</strong></span> <span class='ocrx_word' id='word_1_94' title='bbox 2169 1630 2578 1706; x_wconf 87' lang='lat' dir='ltr'><strong>quantopere</strong></span> <span class='ocrx_word' id='word_1_95' title='bbox 2617 1622 2742 1686; x_wconf 85' lang='lat' dir='ltr'><strong>sibi</strong></span> <span class='ocrx_word' id='word_1_96' title='bbox 2779 1624 2918 1703; x_wconf 88' lang='lat' dir='ltr'><strong>ipse</strong></span> <span class='ocrx_word' id='word_1_97' title='bbox 2958 1622 3316 1695; x_wconf 66' lang='lat' dir='ltr'><strong>nocuisset,</strong></span> 
     </span>
     <span class='ocr_line' id='line_1_13' title="bbox 591 1728 3316 1813; baseline -0 -22"><span class='ocrx_word' id='word_1_98' title='bbox 591 1734 895 1812; x_wconf 84' lang='lat' dir='ltr'><strong>expertus</strong></span> <span class='ocrx_word' id='word_1_99' title='bbox 965 1736 1134 1809; x_wconf 83' lang='lat' dir='ltr'><strong>erat3</strong></span> <span class='ocrx_word' id='word_1_100' title='bbox 1202 1751 1357 1793; x_wconf 88' lang='lat' dir='ltr'><strong>nam</strong></span> <span class='ocrx_word' id='word_1_101' title='bbox 1421 1730 1596 1809; x_wconf 90' lang='lat' dir='ltr'><strong>inde,</strong></span> <span class='ocrx_word' id='word_1_102' title='bbox 1666 1731 1845 1812; x_wconf 90' lang='lat' dir='ltr'><strong>quod</strong></span> <span class='ocrx_word' id='word_1_103' title='bbox 1909 1728 2190 1813; x_wconf 80' lang='lat' dir='ltr'><strong>Spartae</strong></span> <span class='ocrx_word' id='word_1_104' title='bbox 2259 1751 2498 1811; x_wconf 85' lang='lat' dir='ltr'><strong>magna</strong></span> <span class='ocrx_word' id='word_1_105' title='bbox 2564 1750 2708 1793; x_wconf 90' lang='lat' dir='ltr'><strong>cum</strong></span> <span class='ocrx_word' id='word_1_106' title='bbox 2775 1728 2968 1793; x_wconf 89' lang='lat' dir='ltr'><strong>laude</strong></span> <span class='ocrx_word' id='word_1_107' title='bbox 3033 1748 3316 1792; x_wconf 78' lang='lat' dir='ltr'><strong>comme-</strong></span> 
     </span>
     <span class='ocr_line' id='line_1_14' title="bbox 590 1834 3314 1920; baseline -0.002 -21"><span class='ocrx_word' id='word_1_108' title='bbox 590 1835 869 1899; x_wconf 89' lang='lat' dir='ltr'><strong>moratio</strong></span> <span class='ocrx_word' id='word_1_109' title='bbox 918 1834 1010 1912; x_wconf 88' lang='lat' dir='ltr'><strong>fit,</strong></span> <span class='ocrx_word' id='word_1_110' title='bbox 1060 1836 1585 1901; x_wconf 90' lang='lat' dir='ltr'><strong>concludendum</strong></span> <span class='ocrx_word' id='word_1_111' title='bbox 1637 1858 1781 1901; x_wconf 88' lang='lat' dir='ltr'><strong>esse</strong></span> <span class='ocrx_word' id='word_1_112' title='bbox 1833 1844 2024 1920; x_wconf 90' lang='lat' dir='ltr'><strong>putat</strong></span> <span class='ocrx_word' id='word_1_113' title='bbox 2061 1835 2478 1901; x_wconf 88' lang='lat' dir='ltr'><strong>Alcibiadem</strong></span> <span class='ocrx_word' id='word_1_114' title='bbox 2524 1857 2602 1899; x_wconf 91' lang='lat' dir='ltr'><strong>eo</strong></span> <span class='ocrx_word' id='word_1_115' title='bbox 2641 1842 2934 1917; x_wconf 87' lang='lat' dir='ltr'><strong>tempore</strong></span> <span class='ocrx_word' id='word_1_116' title='bbox 2973 1840 3314 1899; x_wconf 81' lang='lat' dir='ltr'><strong>exaratum</strong></span> 
     </span>
     <span class='ocr_line' id='line_1_15' title="bbox 591 1941 3316 2026; baseline -0.001 -19"><span class='ocrx_word' id='word_1_117' title='bbox 591 1965 757 2021; x_wconf 84' lang='lat' dir='ltr'><strong>esse,</strong></span> <span class='ocrx_word' id='word_1_118' title='bbox 798 1964 926 2025; x_wconf 87' lang='lat' dir='ltr'><strong>quo</strong></span> <span class='ocrx_word' id='word_1_119' title='bbox 964 1942 1161 2007; x_wconf 88' lang='lat' dir='ltr'><strong>Plato</strong></span> <span class='ocrx_word' id='word_1_120' title='bbox 1210 1964 1531 2008; x_wconf 87' lang='lat' dir='ltr'><strong>summam</strong></span> <span class='ocrx_word' id='word_1_121' title='bbox 1577 1943 1647 2008; x_wconf 91' lang='lat' dir='ltr'><strong>in</strong></span> <span class='ocrx_word' id='word_1_122' title='bbox 1687 1944 2186 2009; x_wconf 84' lang='lat' dir='ltr'><strong>Lacedaemone</strong></span> <span class='ocrx_word' id='word_1_123' title='bbox 2227 1964 2409 2026; x_wconf 87' lang='lat' dir='ltr'><strong>spem</strong></span> <span class='ocrx_word' id='word_1_124' title='bbox 2447 1943 2755 2025; x_wconf 86' lang='lat' dir='ltr'><strong>posuerit.</strong></span> <span class='ocrx_word' id='word_1_125' title='bbox 2805 1941 3078 2007; x_wconf 88' lang='lat' dir='ltr'><strong>Annum</strong></span> <span class='ocrx_word' id='word_1_126' title='bbox 3114 1942 3316 2023; x_wconf 83' lang='lat' dir='ltr'><strong>igitur</strong></span> 
     </span>
     <span class='ocr_line' id='line_1_16' title="bbox 590 2049 3308 2133; baseline -0.002 -18"><span class='ocrx_word' id='word_1_127' title='bbox 590 2053 722 2115; x_wconf 82' lang='lat'><strong>404</strong></span> <span class='ocrx_word' id='word_1_128' title='bbox 769 2050 1065 2115; x_wconf 88' lang='lat' dir='ltr'><strong>indicare</strong></span> <span class='ocrx_word' id='word_1_129' title='bbox 1111 2051 1389 2129; x_wconf 79' lang='lat' dir='ltr'><strong>videtur,</strong></span> <span class='ocrx_word' id='word_1_130' title='bbox 1440 2072 1569 2133; x_wconf 92' lang='lat' dir='ltr'><strong>quo</strong></span> <span class='ocrx_word' id='word_1_131' title='bbox 1620 2058 1896 2115; x_wconf 86' lang='lat' dir='ltr'><strong>exeunte</strong></span> <span class='ocrx_word' id='word_1_132' title='bbox 1935 2052 2200 2133; x_wconf 84' lang='lat' dir='ltr'><strong>tyranni</strong></span> <span class='ocrx_word' id='word_1_133' title='bbox 2239 2050 2322 2115; x_wconf 89' lang='lat' dir='ltr'><strong>ob</strong></span> <span class='ocrx_word' id='word_1_134' title='bbox 2362 2050 2630 2115; x_wconf 86' lang='lat' dir='ltr'><strong>caedem</strong></span> <span class='ocrx_word' id='word_1_135' title='bbox 2665 2049 3062 2114; x_wconf 89' lang='lat' dir='ltr'><strong>nobilissimi</strong></span> <span class='ocrx_word' id='word_1_136' title='bbox 3099 2049 3308 2112; x_wconf 77' lang='lat' dir='ltr'><strong>cuius-</strong></span> 
     </span>
     <span class='ocr_line' id='line_1_17' title="bbox 590 2156 3311 2240; baseline -0 -21"><span class='ocrx_word' id='word_1_137' title='bbox 590 2178 719 2239; x_wconf 82' lang='lat' dir='ltr'><strong>que</strong></span> <span class='ocrx_word' id='word_1_138' title='bbox 766 2158 837 2221; x_wconf 92' lang='lat' dir='ltr'><strong>in</strong></span> <span class='ocrx_word' id='word_1_139' title='bbox 886 2158 1109 2221; x_wconf 90' lang='lat' dir='ltr'><strong>odium</strong></span> <span class='ocrx_word' id='word_1_140' title='bbox 1165 2165 1363 2239; x_wconf 88' lang='lat' dir='ltr'><strong>atque</strong></span> <span class='ocrx_word' id='word_1_141' title='bbox 1418 2158 1733 2222; x_wconf 80' lang='lat' dir='ltr'><strong>invidiam</strong></span> <span class='ocrx_word' id='word_1_142' title='bbox 1789 2158 2178 2223; x_wconf 88' lang='lat' dir='ltr'><strong>inciderunt.</strong></span> <span class='ocrx_word' id='word_1_143' title='bbox 2269 2158 2578 2240; x_wconf 88' lang='lat' dir='ltr'><strong>Denique</strong></span> <span class='ocrx_word' id='word_1_144' title='bbox 2646 2157 2824 2221; x_wconf 88' lang='lat' dir='ltr'><strong>haud</strong></span> <span class='ocrx_word' id='word_1_145' title='bbox 2887 2156 3092 2220; x_wconf 89' lang='lat' dir='ltr'><strong>multo</strong></span> <span class='ocrx_word' id='word_1_146' title='bbox 3158 2165 3311 2219; x_wconf 75' lang='lat' dir='ltr'><strong>ante</strong></span> 
     </span>
     <span class='ocr_line' id='line_1_18' title="bbox 594 2263 3312 2347; baseline -0.001 -19"><span class='ocrx_word' id='word_1_147' title='bbox 594 2264 889 2328; x_wconf 87' lang='lat' dir='ltr'><strong>Socratis</strong></span> <span class='ocrx_word' id='word_1_148' title='bbox 948 2270 1223 2327; x_wconf 90' lang='lat' dir='ltr'><strong>mortem</strong></span> <span class='ocrx_word' id='word_1_149' title='bbox 1272 2263 1745 2329; x_wconf 89' lang='lat' dir='ltr'><strong>Stallbaumius</strong></span> <span class='ocrx_word' id='word_1_150' title='bbox 1814 2264 2146 2347; x_wconf 80' lang='lat' dir='ltr'><strong>dialogum</strong></span> <span class='ocrx_word' id='word_1_151' title='bbox 2211 2267 2420 2347; x_wconf 89' lang='lat' dir='ltr'><strong>ponit,</strong></span> <span class='ocrx_word' id='word_1_152' title='bbox 2489 2265 2600 2346; x_wconf 89' lang='lat' dir='ltr'><strong>qui</strong></span> <span class='ocrx_word' id='word_1_153' title='bbox 2666 2285 2814 2328; x_wconf 88' lang='lat' dir='ltr'><strong>eum</strong></span> <span class='ocrx_word' id='word_1_154' title='bbox 2877 2285 2955 2326; x_wconf 90' lang='lat' dir='ltr'><strong>eo</strong></span> <span class='ocrx_word' id='word_1_155' title='bbox 3019 2270 3312 2345; x_wconf 84' lang='lat' dir='ltr'><strong>tempore</strong></span> 
     </span>
     <span class='ocr_line' id='line_1_19' title="bbox 592 2367 3314 2453; baseline -0.001 -20"><span class='ocrx_word' id='word_1_156' title='bbox 592 2370 829 2434; x_wconf 89' lang='lat' dir='ltr'><strong>litteris</strong></span> <span class='ocrx_word' id='word_1_157' title='bbox 894 2371 1357 2453; x_wconf 84' lang='lat' dir='ltr'><strong>consignatum</strong></span> <span class='ocrx_word' id='word_1_158' title='bbox 1420 2392 1564 2435; x_wconf 90' lang='lat' dir='ltr'><strong>esse</strong></span> <span class='ocrx_word' id='word_1_159' title='bbox 1630 2377 1840 2453; x_wconf 90' lang='lat' dir='ltr'><strong>putat,</strong></span> <span class='ocrx_word' id='word_1_160' title='bbox 1910 2393 2056 2434; x_wconf 90' lang='lat' dir='ltr'><strong>cum</strong></span> <span class='ocrx_word' id='word_1_161' title='bbox 2111 2373 2242 2435; x_wconf 88' lang='lat' dir='ltr'><strong>iam</strong></span> <span class='ocrx_word' id='word_1_162' title='bbox 2301 2371 2478 2435; x_wconf 84' lang='lat' dir='ltr'><strong>varie</strong></span> <span class='ocrx_word' id='word_1_163' title='bbox 2537 2372 2616 2435; x_wconf 91' lang='lat' dir='ltr'><strong>de</strong></span> <span class='ocrx_word' id='word_1_164' title='bbox 2665 2369 2960 2435; x_wconf 87' lang='lat' dir='ltr'><strong>Socratis</strong></span> <span class='ocrx_word' id='word_1_165' title='bbox 3018 2376 3084 2434; x_wconf 91' lang='lat' dir='ltr'><strong>et</strong></span> <span class='ocrx_word' id='word_1_166' title='bbox 3129 2367 3314 2433; x_wconf 82' lang='lat' dir='ltr'><strong>Alci-</strong></span> 
     </span>
     <span class='ocr_line' id='line_1_20' title="bbox 590 2475 3314 2561; baseline -0.001 -21"><span class='ocrx_word' id='word_1_167' title='bbox 590 2476 805 2542; x_wconf 88' lang='lat' dir='ltr'><strong>biadis</strong></span> <span class='ocrx_word' id='word_1_168' title='bbox 872 2477 1317 2542; x_wconf 83' lang='lat' dir='ltr'><strong>familiaritate</strong></span> <span class='ocrx_word' id='word_1_169' title='bbox 1388 2484 1585 2561; x_wconf 89' lang='lat' dir='ltr'><strong>atque</strong></span> <span class='ocrx_word' id='word_1_170' title='bbox 1651 2500 1774 2541; x_wconf 88' lang='lat' dir='ltr'><strong>usu</strong></span> <span class='ocrx_word' id='word_1_171' title='bbox 1832 2478 2313 2561; x_wconf 82' lang='lat' dir='ltr'><strong>disputabatur,</strong></span> <span class='ocrx_word' id='word_1_172' title='bbox 2370 2485 2447 2542; x_wconf 91' lang='lat' dir='ltr'><strong>ut</strong></span> <span class='ocrx_word' id='word_1_173' title='bbox 2493 2476 2802 2543; x_wconf 84' lang='lat' dir='ltr'><strong>Socrates</strong></span> <span class='ocrx_word' id='word_1_174' title='bbox 2859 2499 2899 2541; x_wconf 89' lang='lat' dir='ltr'><strong>a</strong></span> <span class='ocrx_word' id='word_1_175' title='bbox 2945 2475 3314 2549; x_wconf 75' lang='lat' dir='ltr'><strong>calumnii-s,</strong></span> 
     </span>
     <span class='ocr_line' id='line_1_21' title="bbox 590 2584 3318 2667; baseline 0 -22"><span class='ocrx_word' id='word_1_176' title='bbox 590 2584 829 2667; x_wconf 87' lang='lat' dir='ltr'><strong>quibus</strong></span> <span class='ocrx_word' id='word_1_177' title='bbox 876 2584 1335 2649; x_wconf 85' lang='lat' dir='ltr'><strong>adulescentes</strong></span> <span class='ocrx_word' id='word_1_178' title='bbox 1384 2585 1752 2667; x_wconf 86' lang='lat' dir='ltr'><strong>corrupisse</strong></span> <span class='ocrx_word' id='word_1_179' title='bbox 1802 2586 2161 2665; x_wconf 87' lang='lat' dir='ltr'><strong>dicebatur,</strong></span> <span class='ocrx_word' id='word_1_180' title='bbox 2211 2585 2689 2651; x_wconf 85' lang='lat' dir='ltr'><strong>defenderetur.</strong></span> <span class='ocrx_word' id='word_1_181' title='bbox 2745 2585 3178 2666; x_wconf 88' lang='lat' dir='ltr'><strong>Perspicuum</strong></span> <span class='ocrx_word' id='word_1_182' title='bbox 3213 2590 3318 2645; x_wconf 81' lang='lat' dir='ltr'><strong>est</strong></span> 
     </span>
     <span class='ocr_line' id='line_1_22' title="bbox 592 2692 3316 2774; baseline -0.001 -19"><span class='ocrx_word' id='word_1_183' title='bbox 592 2692 713 2755; x_wconf 89' lang='lat' dir='ltr'><strong>hos</strong></span> <span class='ocrx_word' id='word_1_184' title='bbox 770 2692 963 2771; x_wconf 77' lang='lat' dir='ltr'><strong>viros,</strong></span> <span class='ocrx_word' id='word_1_185' title='bbox 1024 2693 1137 2774; x_wconf 88' lang='lat' dir='ltr'><strong>qui</strong></span> <span class='ocrx_word' id='word_1_186' title='bbox 1183 2692 1477 2757; x_wconf 90' lang='lat' dir='ltr'><strong>libellum</strong></span> <span class='ocrx_word' id='word_1_187' title='bbox 1527 2694 1760 2757; x_wconf 87' lang='lat' dir='ltr'><strong>ceteris</strong></span> <span class='ocrx_word' id='word_1_188' title='bbox 1809 2692 1991 2756; x_wconf 88' lang='lat' dir='ltr'><strong>libris</strong></span> <span class='ocrx_word' id='word_1_189' title='bbox 2038 2692 2406 2757; x_wconf 87' lang='lat' dir='ltr'><strong>Platonicis</strong></span> <span class='ocrx_word' id='word_1_190' title='bbox 2463 2692 2666 2756; x_wconf 88' lang='lat' dir='ltr'><strong>multo</strong></span> <span class='ocrx_word' id='word_1_191' title='bbox 2725 2692 3114 2755; x_wconf 88' lang='lat' dir='ltr'><strong>deteriorem</strong></span> <span class='ocrx_word' id='word_1_192' title='bbox 3169 2710 3316 2752; x_wconf 85' lang='lat' dir='ltr'><strong>esse</strong></span> 
     </span>
     <span class='ocr_line' id='line_1_23' title="bbox 592 2797 3318 2882; baseline -0.002 -20"><span class='ocrx_word' id='word_1_193' title='bbox 592 2798 715 2863; x_wconf 83' lang='lat' dir='ltr'><strong>sibi</strong></span> <span class='ocrx_word' id='word_1_194' title='bbox 766 2805 1249 2881; x_wconf 86' lang='lat' dir='ltr'><strong>persuaserant,</strong></span> <span class='ocrx_word' id='word_1_195' title='bbox 1292 2822 1437 2863; x_wconf 90' lang='lat' dir='ltr'><strong>cum</strong></span> <span class='ocrx_word' id='word_1_196' title='bbox 1486 2799 1820 2881; x_wconf 87' lang='lat' dir='ltr'><strong>dialogum</strong></span> <span class='ocrx_word' id='word_1_197' title='bbox 1869 2802 2116 2882; x_wconf 86' lang='lat' dir='ltr'><strong>primae</strong></span> <span class='ocrx_word' id='word_1_198' title='bbox 2165 2800 2367 2864; x_wconf 89' lang='lat' dir='ltr'><strong>aetati</strong></span> <span class='ocrx_word' id='word_1_199' title='bbox 2414 2800 2796 2877; x_wconf 90' lang='lat' dir='ltr'><strong>tribuerent,</strong></span> <span class='ocrx_word' id='word_1_200' title='bbox 2845 2798 2916 2863; x_wconf 87' lang='lat' dir='ltr'><strong>id</strong></span> <span class='ocrx_word' id='word_1_201' title='bbox 2959 2797 3192 2880; x_wconf 88' lang='lat' dir='ltr'><strong>egisse,</strong></span> <span class='ocrx_word' id='word_1_202' title='bbox 3241 2803 3318 2858; x_wconf 89' lang='lat' dir='ltr'><strong>ut</strong></span> 
     </span>
     <span class='ocr_line' id='line_1_24' title="bbox 594 2904 3314 2988; baseline -0.001 -19"><span class='ocrx_word' id='word_1_203' title='bbox 594 2904 1009 2970; x_wconf 88' lang='lat' dir='ltr'><strong>Alcibiadem</strong></span> <span class='ocrx_word' id='word_1_204' title='bbox 1049 2905 1318 2970; x_wconf 88' lang='lat' dir='ltr'><strong>Platoni</strong></span> <span class='ocrx_word' id='word_1_205' title='bbox 1366 2913 1719 2970; x_wconf 85' lang='lat' dir='ltr'><strong>servarent.</strong></span> <span class='ocrx_word' id='word_1_206' title='bbox 1787 2906 1886 2969; x_wconf 89' lang='lat' dir='ltr'><strong>At</strong></span> <span class='ocrx_word' id='word_1_207' title='bbox 1923 2906 2044 2970; x_wconf 84' lang='lat' dir='ltr'><strong>has</strong></span> <span class='ocrx_word' id='word_1_208' title='bbox 2085 2906 2448 2970; x_wconf 89' lang='lat' dir='ltr'><strong>sententias</strong></span> <span class='ocrx_word' id='word_1_209' title='bbox 2487 2928 2685 2988; x_wconf 88' lang='lat' dir='ltr'><strong>supra</strong></span> <span class='ocrx_word' id='word_1_210' title='bbox 2723 2905 3068 2969; x_wconf 88' lang='lat' dir='ltr'><strong>reiecimus</strong></span> <span class='ocrx_word' id='word_1_211' title='bbox 3109 2904 3314 2967; x_wconf 86' lang='lat' dir='ltr'><strong>omni·</strong></span> 
     </span>
     <span class='ocr_line' id='line_1_25' title="bbox 592 3012 3316 3095; baseline -0.001 -20"><span class='ocrx_word' id='word_1_212' title='bbox 592 3013 843 3094; x_wconf 88' lang='lat' dir='ltr'><strong>busque</strong></span> <span class='ocrx_word' id='word_1_213' title='bbox 892 3034 1055 3094; x_wconf 89' lang='lat' dir='ltr'><strong>quas</strong></span> <span class='ocrx_word' id='word_1_214' title='bbox 1102 3013 1506 3077; x_wconf 86' lang='lat' dir='ltr'><strong>instituimus</strong></span> <span class='ocrx_word' id='word_1_215' title='bbox 1555 3013 2054 3095; x_wconf 83' lang='lat' dir='ltr'><strong>quaestionibus</strong></span> <span class='ocrx_word' id='word_1_216' title='bbox 2095 3012 2529 3091; x_wconf 87' lang='lat' dir='ltr'><strong>Alcibiadem,</strong></span> <span class='ocrx_word' id='word_1_217' title='bbox 2579 3014 2700 3076; x_wconf 90' lang='lat' dir='ltr'><strong>etsi</strong></span> <span class='ocrx_word' id='word_1_218' title='bbox 2747 3013 3073 3095; x_wconf 84' lang='lat' dir='ltr'><strong>genuinus</strong></span> <span class='ocrx_word' id='word_1_219' title='bbox 3119 3019 3316 3083; x_wconf 83' lang='lat' dir='ltr'><strong>esset,</strong></span> 
     </span>
     <span class='ocr_line' id='line_1_26' title="bbox 594 3117 3314 3202; baseline -0 -20"><span class='ocrx_word' id='word_1_220' title='bbox 594 3120 843 3201; x_wconf 87' lang='lat' dir='ltr'><strong>primae</strong></span> <span class='ocrx_word' id='word_1_221' title='bbox 892 3125 1067 3183; x_wconf 89' lang='lat' dir='ltr'><strong>certe</strong></span> <span class='ocrx_word' id='word_1_222' title='bbox 1113 3120 1417 3183; x_wconf 88' lang='lat' dir='ltr'><strong>Platonis</strong></span> <span class='ocrx_word' id='word_1_223' title='bbox 1464 3120 1668 3183; x_wconf 86' lang='lat' dir='ltr'><strong>aetati</strong></span> <span class='ocrx_word' id='word_1_224' title='bbox 1715 3120 1916 3183; x_wconf 90' lang='lat' dir='ltr'><strong>tribui</strong></span> <span class='ocrx_word' id='word_1_225' title='bbox 1963 3141 2098 3183; x_wconf 91' lang='lat' dir='ltr'><strong>non</strong></span> <span class='ocrx_word' id='word_1_226' title='bbox 2147 3141 2361 3202; x_wconf 88' lang='lat' dir='ltr'><strong>posse,</strong></span> <span class='ocrx_word' id='word_1_227' title='bbox 2411 3120 2628 3183; x_wconf 89' lang='lat' dir='ltr'><strong>edocti</strong></span> <span class='ocrx_word' id='word_1_228' title='bbox 2677 3140 2918 3183; x_wconf 87' lang='lat' dir='ltr'><strong>sumus.</strong></span> <span class='ocrx_word' id='word_1_229' title='bbox 3011 3117 3314 3193; x_wconf 86' lang='lat' dir='ltr'><strong>Accedit,</strong></span> 
     </span>
     <span class='ocr_line' id='line_1_27' title="bbox 596 3225 3318 3309; baseline 0.001 -23"><span class='ocrx_word' id='word_1_230' title='bbox 596 3226 774 3307; x_wconf 83' lang='lat' dir='ltr'><strong>quod</strong></span> <span class='ocrx_word' id='word_1_231' title='bbox 810 3227 878 3289; x_wconf 95' lang='lat' dir='ltr'><strong>in</strong></span> <span class='ocrx_word' id='word_1_232' title='bbox 916 3226 1288 3307; x_wconf 87' lang='lat' dir='ltr'><strong>Protagora</strong></span> <span class='ocrx_word' id='word_1_233' title='bbox 1326 3227 1587 3290; x_wconf 89' lang='lat' dir='ltr'><strong>demum</strong></span> <span class='ocrx_word' id='word_1_234' title='bbox 1626 3228 1932 3290; x_wconf 80' lang='lat' dir='ltr'><strong>virtutem</strong></span> <span class='ocrx_word' id='word_1_235' title='bbox 1972 3226 2192 3289; x_wconf 90' lang='lat' dir='ltr'><strong>doceri</strong></span> <span class='ocrx_word' id='word_1_236' title='bbox 2231 3248 2424 3309; x_wconf 87' lang='lat' dir='ltr'><strong>posse</strong></span> <span class='ocrx_word' id='word_1_237' title='bbox 2462 3226 2658 3291; x_wconf 90' lang='lat' dir='ltr'><strong>Plato</strong></span> <span class='ocrx_word' id='word_1_238' title='bbox 2701 3226 3022 3307; x_wconf 81' lang='lat' dir='ltr'><strong>exposuit,</strong></span> <span class='ocrx_word' id='word_1_239' title='bbox 3063 3225 3144 3290; x_wconf 93' lang='lat' dir='ltr'><strong>de</strong></span> <span class='ocrx_word' id='word_1_240' title='bbox 3183 3246 3318 3306; x_wconf 88' lang='lat' dir='ltr'><strong>qua</strong></span> 
     </span>
     <span class='ocr_line' id='line_1_28' title="bbox 596 3332 3315 3414; baseline -0.001 -19"><span class='ocrx_word' id='word_1_241' title='bbox 596 3333 898 3396; x_wconf 86' lang='lat' dir='ltr'><strong>doctrina</strong></span> <span class='ocrx_word' id='word_1_242' title='bbox 924 3334 1006 3411; x_wconf 90' lang='lat' dir='ltr'><strong>ei,</strong></span> <span class='ocrx_word' id='word_1_243' title='bbox 1040 3334 1151 3414; x_wconf 90' lang='lat' dir='ltr'><strong>qui</strong></span> <span class='ocrx_word' id='word_1_244' title='bbox 1182 3332 1599 3396; x_wconf 86' lang='lat' dir='ltr'><strong>Alcibiadem</strong></span> <span class='ocrx_word' id='word_1_245' title='bbox 1630 3334 2040 3414; x_wconf 86' lang='lat' dir='ltr'><strong>conscripsit,</strong></span> <span class='ocrx_word' id='word_1_246' title='bbox 2079 3334 2212 3397; x_wconf 91' lang='lat' dir='ltr'><strong>iam</strong></span> <span class='ocrx_word' id='word_1_247' title='bbox 2251 3334 2576 3397; x_wconf 85' lang='lat' dir='ltr'><strong>constitit:</strong></span> <span class='ocrx_word' id='word_1_248' title='bbox 2617 3332 2788 3397; x_wconf 84' lang='lat' dir='ltr'><strong>conf.</strong></span> <span class='ocrx_word' id='word_1_249' title='bbox 2818 3332 2962 3397; x_wconf 87' lang='lat' dir='ltr'><strong>Alc.</strong></span> <span class='ocrx_word' id='word_1_250' title='bbox 2993 3354 3053 3414; x_wconf 94' lang='lat' dir='ltr'><strong>p.</strong></span> <span class='ocrx_word' id='word_1_251' title='bbox 3087 3334 3206 3396; x_wconf 84' lang='lat'><strong>118</strong></span> <span class='ocrx_word' id='word_1_252' title='bbox 3229 3334 3315 3396; x_wconf 67' lang='lat' dir='ltr'><strong>G:</strong></span> 
     </span>
     <span class='ocr_line' id='line_1_29' title="bbox 600 3439 3319 3525; baseline 0 -23"><span class='ocrx_word' id='word_1_253' title='bbox 600 3440 673 3502; x_wconf 86' lang='grc' dir='ltr'><strong>Τι’</strong></span> <span class='ocrx_word' id='word_1_254' title='bbox 704 3439 851 3515; x_wconf 81' lang='grc' dir='ltr'><strong>οὖν,·</strong></span> <span class='ocrx_word' id='word_1_255' title='bbox 898 3442 1020 3523; x_wconf 75' lang='grc' dir='ltr'><strong>ἤδη</strong></span> <span class='ocrx_word' id='word_1_256' title='bbox 1068 3443 1176 3502; x_wconf 83' lang='grc' dir='ltr'><strong><em>τιν’</em></strong></span> <span class='ocrx_word' id='word_1_257' title='bbox 1220 3442 1377 3510; x_wconf 74' lang='grc' dir='ltr'><em>εἶδες</em></span> <span class='ocrx_word' id='word_1_258' title='bbox 1423 3442 1631 3521; x_wconf 78' lang='grc' dir='ltr'><em>σοφὸν</em></span> <span class='ocrx_word' id='word_1_259' title='bbox 1674 3442 1882 3503; x_wconf 79' lang='grc' dir='ltr'>ὁτιοῦν</span> <span class='ocrx_word' id='word_1_260' title='bbox 1928 3442 2354 3505; x_wconf 75' lang='grc' dir='ltr'><em>ἀδυνατοῦντα</em></span> <span class='ocrx_word' id='word_1_261' title='bbox 2399 3449 2652 3525; x_wconf 84' lang='grc' dir='ltr'>ποιῆσαι</span> <span class='ocrx_word' id='word_1_262' title='bbox 2689 3442 2877 3504; x_wconf 71' lang='grc' dir='ltr'><em>ἄλλον</em></span> <span class='ocrx_word' id='word_1_263' title='bbox 2913 3440 3119 3522; x_wconf 82' lang='grc' dir='ltr'><strong><em>σοφὸν</em></strong></span> <span class='ocrx_word' id='word_1_264' title='bbox 3155 3442 3319 3521; x_wconf 77' lang='grc' dir='ltr'><strong>ὅπερ</strong></span> 
     </span>
     <span class='ocr_line' id='line_1_30' title="bbox 594 3544 3322 3630; baseline 0 -22"><span class='ocrx_word' id='word_1_265' title='bbox 594 3547 814 3622; x_wconf 79' lang='grc' dir='ltr'><strong>αὐτός,·</strong></span> <span class='ocrx_word' id='word_1_266' title='bbox 862 3548 1080 3627; x_wconf 80' lang='grc' dir='ltr'><strong><em>ὥσπερ</em></strong></span> <span class='ocrx_word' id='word_1_267' title='bbox 1125 3548 1198 3617; x_wconf 82' lang='grc' dir='ltr'><strong>ὅς</strong></span> <span class='ocrx_word' id='word_1_268' title='bbox 1244 3572 1313 3610; x_wconf 86' lang='grc' dir='ltr'><strong>σε</strong></span> <span class='ocrx_word' id='word_1_269' title='bbox 1358 3544 1639 3619; x_wconf 74' lang='grc' dir='ltr'><em>ἐδίδαξεν</em></span> <span class='ocrx_word' id='word_1_270' title='bbox 1686 3550 2043 3629; x_wconf 80' lang='grc' dir='ltr'><strong>γράμματα,</strong></span> <span class='ocrx_word' id='word_1_271' title='bbox 2091 3549 2280 3618; x_wconf 77' lang='grc' dir='ltr'><em>αὐτός</em></span> <span class='ocrx_word' id='word_1_272' title='bbox 2325 3550 2374 3610; x_wconf 83' lang='grc' dir='ltr'><strong>τ’</strong></span> <span class='ocrx_word' id='word_1_273' title='bbox 2419 3546 2497 3630; x_wconf 82' lang='grc' dir='ltr'><strong>ἦν</strong></span> <span class='ocrx_word' id='word_1_274' title='bbox 2542 3548 2745 3629; x_wconf 81' lang='grc' dir='ltr'><strong><em>σοφὸς</em></strong></span> <span class='ocrx_word' id='word_1_275' title='bbox 2779 3548 2886 3611; x_wconf 81' lang='grc' dir='ltr'><strong>καὶ</strong></span> <span class='ocrx_word' id='word_1_276' title='bbox 2923 3548 2993 3610; x_wconf 85' lang='grc' dir='ltr'><strong>σὲ</strong></span> <span class='ocrx_word' id='word_1_277' title='bbox 3029 3548 3322 3629; x_wconf 76' lang='grc' dir='ltr'><strong><em>ἐποίησεν</em></strong></span> 
     </span>
     <span class='ocr_line' id='line_1_31' title="bbox 594 3654 2362 3737; baseline 0.001 -22"><span class='ocrx_word' id='word_1_278' title='bbox 594 3660 724 3717; x_wconf 75' lang='grc' dir='ltr'><strong>τῶν</strong></span> <span class='ocrx_word' id='word_1_279' title='bbox 767 3678 829 3716; x_wconf 81' lang='grc' dir='ltr'><strong>τε</strong></span> <span class='ocrx_word' id='word_1_280' title='bbox 872 3654 1083 3716; x_wconf 79' lang='grc' dir='ltr'><em>ἄλλων</em></span> <span class='ocrx_word' id='word_1_281' title='bbox 1129 3656 1313 3717; x_wconf 75' lang='grc' dir='ltr'><strong><em>ὅντιν’</em></strong></span> <span class='ocrx_word' id='word_1_282' title='bbox 1364 3655 1679 3736; x_wconf 77' lang='grc' dir='ltr'><em>ἐβούλετο·</em></span> <span class='ocrx_word' id='word_1_283' title='bbox 1728 3654 1765 3737; x_wconf 77' lang='grc' dir='ltr'><em>ἦ</em></span> <span class='ocrx_word' id='word_1_284' title='bbox 1819 3657 1969 3735; x_wconf 82' lang='grc' dir='ltr'><strong>γάρ,·</strong></span> <span class='ocrx_word' id='word_1_285' title='bbox 2009 3656 2166 3717; x_wconf 78' lang='grc' dir='ltr'><strong>Ἀλ..·</strong></span> <span class='ocrx_word' id='word_1_286' title='bbox 2215 3655 2362 3717; x_wconf 86' lang='grc' dir='ltr'><strong>Ναί.</strong></span> 
     </span>
    </p>

    <p class='ocr_par' dir='ltr' id='par_1_6' title="bbox 600 3758 3319 4590">
     <span class='ocr_line' id='line_1_32' title="bbox 812 3758 3319 3843; baseline -0.001 -20"><span class='ocrx_word' id='word_1_287' title='bbox 812 3758 945 3823; x_wconf 88' lang='lat' dir='ltr'><strong>Sed</strong></span> <span class='ocrx_word' id='word_1_288' title='bbox 981 3759 1103 3823; x_wconf 89' lang='lat' dir='ltr'><strong>hos</strong></span> <span class='ocrx_word' id='word_1_289' title='bbox 1142 3761 1315 3824; x_wconf 83' lang='lat' dir='ltr'><strong>viros</strong></span> <span class='ocrx_word' id='word_1_290' title='bbox 1355 3781 1706 3843; x_wconf 90' lang='lat' dir='ltr'><strong>eorumque</strong></span> <span class='ocrx_word' id='word_1_291' title='bbox 1747 3762 2092 3841; x_wconf 87' lang='lat' dir='ltr'><strong>opiniones</strong></span> <span class='ocrx_word' id='word_1_292' title='bbox 2121 3762 2252 3825; x_wconf 89' lang='lat' dir='ltr'><strong>iam</strong></span> <span class='ocrx_word' id='word_1_293' title='bbox 2281 3761 2902 3843; x_wconf 86' lang='lat' dir='ltr'><strong>praetermittamus,</strong></span> <span class='ocrx_word' id='word_1_294' title='bbox 2932 3760 3319 3841; x_wconf 87' lang='lat' dir='ltr'><strong>praesertim</strong></span> 
     </span>
     <span class='ocr_line' id='line_1_33' title="bbox 600 3864 3318 3948; baseline 0 -20"><span class='ocrx_word' id='word_1_295' title='bbox 600 3886 746 3928; x_wconf 87' lang='grc'><strong>011111</strong></span> <span class='ocrx_word' id='word_1_296' title='bbox 784 3864 1119 3929; x_wconf 84' lang='lat' dir='ltr'><strong>Alcibiadi</strong></span> <span class='ocrx_word' id='word_1_297' title='bbox 1158 3868 1229 3931; x_wconf 90' lang='lat' dir='ltr'><strong>in</strong></span> <span class='ocrx_word' id='word_1_298' title='bbox 1272 3869 1705 3948; x_wconf 84' lang='lat' dir='ltr'><strong>genuinorum</strong></span> <span class='ocrx_word' id='word_1_299' title='bbox 1742 3867 2156 3948; x_wconf 86' lang='lat' dir='ltr'><strong>dialogorum</strong></span> <span class='ocrx_word' id='word_1_300' title='bbox 2194 3888 2466 3931; x_wconf 85' lang='lat' dir='ltr'><strong>numero</strong></span> <span class='ocrx_word' id='word_1_301' title='bbox 2505 3867 2721 3931; x_wconf 91' lang='lat' dir='ltr'><strong>locum</strong></span> <span class='ocrx_word' id='word_1_302' title='bbox 2759 3888 2895 3931; x_wconf 93' lang='lat' dir='ltr'><strong>non</strong></span> <span class='ocrx_word' id='word_1_303' title='bbox 2935 3886 3078 3929; x_wconf 87' lang='lat' dir='ltr'><strong>esse</strong></span> <span class='ocrx_word' id='word_1_304' title='bbox 3117 3886 3318 3947; x_wconf 81' lang='lat' dir='ltr'><strong>supra</strong></span> 
     </span>
     <span class='ocr_line' id='line_1_34' title="bbox 600 3971 3317 4055; baseline 0 -20"><span class='ocrx_word' id='word_1_305' title='bbox 600 3971 1287 4051; x_wconf 76' lang='lat' dir='ltr'><strong>demonstraverimuS,</strong></span> <span class='ocrx_word' id='word_1_306' title='bbox 1346 3980 1543 4055; x_wconf 85' lang='lat' dir='ltr'><strong>atque</strong></span> <span class='ocrx_word' id='word_1_307' title='bbox 1608 3994 1834 4037; x_wconf 85' lang='lat' dir='ltr'><strong>eorum</strong></span> <span class='ocrx_word' id='word_1_308' title='bbox 1901 3975 2186 4037; x_wconf 87' lang='lat' dir='ltr'><strong>virorum</strong></span> <span class='ocrx_word' id='word_1_309' title='bbox 2251 3975 2613 4037; x_wconf 85' lang='lat' dir='ltr'><strong>sententias</strong></span> <span class='ocrx_word' id='word_1_310' title='bbox 2679 3993 3145 4055; x_wconf 77' lang='lat' dir='ltr'><strong>proponamuS,</strong></span> <span class='ocrx_word' id='word_1_311' title='bbox 3204 3976 3317 4053; x_wconf 83' lang='grc'><strong>11111</strong></span> 
     </span>
     <span class='ocr_line' id='line_1_35' title="bbox 600 4078 3318 4163; baseline 0.001 -22"><span class='ocrx_word' id='word_1_312' title='bbox 600 4099 969 4143; x_wconf 89' lang='lat' dir='ltr'><strong>sermonem</strong></span> <span class='ocrx_word' id='word_1_313' title='bbox 1014 4081 1305 4161; x_wconf 88' lang='lat' dir='ltr'><strong>spurium</strong></span> <span class='ocrx_word' id='word_1_314' title='bbox 1352 4102 1494 4143; x_wconf 81' lang='lat' dir='ltr'><strong>esse</strong></span> <span class='ocrx_word' id='word_1_315' title='bbox 1544 4080 1968 4143; x_wconf 83' lang='lat' dir='ltr'><strong>contendunt.</strong></span> <span class='ocrx_word' id='word_1_316' title='bbox 2038 4080 2407 4145; x_wconf 82' lang='lat' dir='ltr'><strong>Christius1</strong></span> <span class='ocrx_word' id='word_1_317' title='bbox 2453 4080 2718 4163; x_wconf 88' lang='lat' dir='ltr'><strong>quidem</strong></span> <span class='ocrx_word' id='word_1_318' title='bbox 2765 4080 3050 4144; x_wconf 86' lang='lat' dir='ltr'><strong>Platone</strong></span> <span class='ocrx_word' id='word_1_319' title='bbox 3099 4078 3318 4143; x_wconf 84' lang='lat' dir='ltr'><strong>adhuc</strong></span> 
     </span>
     <span class='ocr_line' id='line_1_36' title="bbox 600 4184 3316 4270; baseline 0 -22"><span class='ocrx_word' id='word_1_320' title='bbox 600 4186 745 4249; x_wconf 86' lang='lat' dir='ltr'><strong>vivo</strong></span> <span class='ocrx_word' id='word_1_321' title='bbox 814 4184 1149 4267; x_wconf 87' lang='lat' dir='ltr'><strong>dialogum</strong></span> <span class='ocrx_word' id='word_1_322' title='bbox 1216 4193 1607 4267; x_wconf 84' lang='lat' dir='ltr'><strong>conceptum</strong></span> <span class='ocrx_word' id='word_1_323' title='bbox 1673 4208 1816 4249; x_wconf 84' lang='lat' dir='ltr'><strong>esse</strong></span> <span class='ocrx_word' id='word_1_324' title='bbox 1883 4187 2233 4267; x_wconf 81' lang='lat' dir='ltr'><strong>existimat,</strong></span> <span class='ocrx_word' id='word_1_325' title='bbox 2293 4210 2440 4251; x_wconf 86' lang='grc'><strong>011111</strong></span> <span class='ocrx_word' id='word_1_326' title='bbox 2497 4210 2576 4251; x_wconf 83' lang='lat' dir='ltr'><strong>ex</strong></span> <span class='ocrx_word' id='word_1_327' title='bbox 2631 4210 2689 4270; x_wconf 91' lang='lat' dir='ltr'><strong>p.</strong></span> <span class='ocrx_word' id='word_1_328' title='bbox 2745 4186 2939 4253; x_wconf 81' lang='lat'>1050</span> <span class='ocrx_word' id='word_1_329' title='bbox 2995 4192 3063 4250; x_wconf 91' lang='lat' dir='ltr'><strong>et</strong></span> <span class='ocrx_word' id='word_1_330' title='bbox 3112 4186 3316 4249; x_wconf 79' lang='lat' dir='ltr'><strong>120A</strong></span> 
     </span>
     <span class='ocr_line' id='line_1_37' title="bbox 600 4292 3317 4379; baseline 0 -23"><span class='ocrx_word' id='word_1_331' title='bbox 600 4314 828 4377; x_wconf 89' lang='lat' dir='ltr'><strong>pacem</strong></span> <span class='ocrx_word' id='word_1_332' title='bbox 865 4292 1267 4357; x_wconf 82' lang='lat' dir='ltr'><strong>Antalcidae</strong></span> <span class='ocrx_word' id='word_1_333' title='bbox 1312 4295 1735 4376; x_wconf 79' lang='lat' dir='ltr'><strong>interpretari</strong></span> <span class='ocrx_word' id='word_1_334' title='bbox 1772 4316 1968 4375; x_wconf 84' lang='lat' dir='ltr'><strong>posse</strong></span> <span class='ocrx_word' id='word_1_335' title='bbox 2010 4296 2131 4359; x_wconf 85' lang='lat' dir='ltr'><strong>sibi</strong></span> <span class='ocrx_word' id='word_1_336' title='bbox 2172 4296 2487 4360; x_wconf 80' lang='lat' dir='ltr'><strong>videatur.</strong></span> <span class='ocrx_word' id='word_1_337' title='bbox 2538 4296 2633 4360; x_wconf 90' lang='lat' dir='ltr'><strong>At</strong></span> <span class='ocrx_word' id='word_1_338' title='bbox 2660 4318 2802 4375; x_wconf 87' lang='grc'><strong>1103,</strong></span> <span class='ocrx_word' id='word_1_339' title='bbox 2836 4295 3072 4379; x_wconf 89' lang='lat' dir='ltr'><strong>quibus</strong></span> <span class='ocrx_word' id='word_1_340' title='bbox 3103 4294 3317 4358; x_wconf 74' lang='lat' dir='ltr'><strong>verbis</strong></span> 
     </span>
     <span class='ocr_line' id='line_1_38' title="bbox 600 4399 3316 4484; baseline -0.001 -19"><span class='ocrx_word' id='word_1_341' title='bbox 600 4424 747 4483; x_wconf 82' lang='lat' dir='ltr'><strong>pax,</strong></span> <span class='ocrx_word' id='word_1_342' title='bbox 790 4422 956 4481; x_wconf 86' lang='lat' dir='ltr'><strong>quae</strong></span> <span class='ocrx_word' id='word_1_343' title='bbox 992 4399 1390 4463; x_wconf 87' lang='lat' dir='ltr'><strong>Antalcidae</strong></span> <span class='ocrx_word' id='word_1_344' title='bbox 1430 4408 1717 4479; x_wconf 74' lang='lat' dir='ltr'><strong>vocatur,</strong></span> <span class='ocrx_word' id='word_1_345' title='bbox 1761 4410 2322 4481; x_wconf 83' lang='lat' dir='ltr'><strong>commemoretur,</strong></span> <span class='ocrx_word' id='word_1_346' title='bbox 2363 4426 2498 4467; x_wconf 91' lang='lat' dir='ltr'><strong>non</strong></span> <span class='ocrx_word' id='word_1_347' title='bbox 2538 4404 2916 4484; x_wconf 84' lang='lat' dir='ltr'><strong>detegimus.</strong></span> <span class='ocrx_word' id='word_1_348' title='bbox 2963 4402 3070 4465; x_wconf 83' lang='lat' dir='ltr'><strong>Ex</strong></span> <span class='ocrx_word' id='word_1_349' title='bbox 3105 4402 3316 4483; x_wconf 79' lang='lat' dir='ltr'><strong>primo</strong></span> 
     </span>
     <span class='ocr_line' id='line_1_39' title="bbox 601 4506 3318 4590; baseline 0 -19"><span class='ocrx_word' id='word_1_350' title='bbox 601 4508 717 4571; x_wconf 91' lang='lat' dir='ltr'><strong>illo</strong></span> <span class='ocrx_word' id='word_1_351' title='bbox 766 4507 911 4569; x_wconf 87' lang='lat' dir='ltr'><strong>loco</strong></span> <span class='ocrx_word' id='word_1_352' title='bbox 962 4511 1135 4569; x_wconf 81' lang='lat' dir='ltr'><strong>certe</strong></span> <span class='ocrx_word' id='word_1_353' title='bbox 1182 4506 1349 4569; x_wconf 88' lang='lat' dir='ltr'><strong>nihil</strong></span> <span class='ocrx_word' id='word_1_354' title='bbox 1396 4506 1528 4570; x_wconf 87' lang='lat' dir='ltr'><strong>tale</strong></span> <span class='ocrx_word' id='word_1_355' title='bbox 1578 4507 1797 4589; x_wconf 83' lang='lat' dir='ltr'><strong>colligi</strong></span> <span class='ocrx_word' id='word_1_356' title='bbox 1846 4514 2091 4590; x_wconf 83' lang='lat' dir='ltr'><strong>potest-3</strong></span> <span class='ocrx_word' id='word_1_357' title='bbox 2163 4531 2240 4573; x_wconf 82' lang='lat' dir='ltr'><strong>ex</strong></span> <span class='ocrx_word' id='word_1_358' title='bbox 2288 4510 2496 4574; x_wconf 87' lang='lat' dir='ltr'><strong>altero</strong></span> <span class='ocrx_word' id='word_1_359' title='bbox 2545 4510 2707 4574; x_wconf 90' lang='lat' dir='ltr'><strong>nihil</strong></span> <span class='ocrx_word' id='word_1_360' title='bbox 2755 4508 3048 4573; x_wconf 84' lang='lat' dir='ltr'><strong>efficitur.</strong></span> <span class='ocrx_word' id='word_1_361' title='bbox 3141 4508 3318 4573; x_wconf 81' lang='lat' dir='ltr'><strong>Nam</strong></span> 
     </span>
    </p>
   </div>
   <div class='ocr_carea' id='block_1_6' title="bbox 598 4649 1017 4659">
    <p class='ocr_par' dir='ltr' id='par_1_7' title="bbox 598 4649 1017 4659">
     <span class='ocr_line' id='line_1_40' title="bbox 598 4649 1017 4659; baseline 0 450"><span class='ocrx_word' id='word_1_362' title='bbox 598 4649 1017 4659; x_wconf 95' lang='lat' dir='ltr'><strong> </strong></span> 
     </span>
    </p>
   </div>
   <div class='ocr_carea' id='block_1_7' title="bbox 822 4716 1911 4787">
    <p class='ocr_par' dir='ltr' id='par_1_8' title="bbox 822 4716 1911 4787">
     <span class='ocr_line' id='line_1_41' title="bbox 822 4716 1911 4787; baseline 0.002 -19"><span class='ocrx_word' id='word_1_363' title='bbox 822 4716 839 4749; x_wconf 88' lang='lat'>²</span> <span class='ocrx_word' id='word_1_364' title='bbox 877 4716 1023 4768; x_wconf 75' lang='lat' dir='ltr'><strong>Hist.</strong></span> <span class='ocrx_word' id='word_1_365' title='bbox 1064 4717 1173 4769; x_wconf 84' lang='lat' dir='ltr'><strong>litt.</strong></span> <span class='ocrx_word' id='word_1_366' title='bbox 1215 4718 1409 4768; x_wconf 64' lang='lat' dir='ltr'><strong>(ii-aec.</strong></span> <span class='ocrx_word' id='word_1_367' title='bbox 1451 4718 1535 4769; x_wconf 81' lang='lat' dir='ltr'><strong>ed.</strong></span> <span class='ocrx_word' id='word_1_368' title='bbox 1581 4718 1669 4771; x_wconf 85' lang='grc' dir='ltr'><strong>[ΙΙ</strong></span> <span class='ocrx_word' id='word_1_369' title='bbox 1707 4738 1758 4787; x_wconf 89' lang='lat' dir='ltr'><strong>p.</strong></span> <span class='ocrx_word' id='word_1_370' title='bbox 1789 4720 1911 4771; x_wconf 74' lang='lat'><strong>450.</strong></span> 
     </span>
    </p>
   </div>
   <div class='ocr_carea' id='block_1_8' title="bbox 3562 3884 3567 5100">
    <p class='ocr_par' dir='ltr' id='par_1_9' title="bbox 3562 3884 3567 5100">
     <span class='ocr_line' id='line_1_42' title="bbox 3562 3884 3567 5100; baseline 0 0"><span class='ocrx_word' id='word_1_371' title='bbox 3562 3884 3567 5100; x_wconf 95' lang='lat' dir='ltr'><strong> </strong></span> 
     </span>
    </p>
   </div>
  </div>
 </body>
</html>
