3567 5109
542 423 805 506 sapiens
841 422 1087 502 anima,
1135 421 1293 506 qnia
1329 425 1551 486 ‘cultus
1589 443 1916 506 eonyrnns
1951 429 2015 487 et
2049 425 2344 487 decorum
2385 424 2742 506 eloqu-iu-m’
2763 425 2805 487 ¹.
2857 421 3094 488 Crevit
3147 421 3292 486 sine

548 526 749 592 dubio
806 549 951 592 cum
1006 527 1384 611 Augustino
1443 534 1509 592 et
1559 525 1938 593 mutabatur
1991 531 2063 593 in
2119 530 2338 594 animo
2395 529 2534 594 eius
2591 528 3007 612 eloquentiae
3071 529 3290 605 notio,

544 634 1010 700 dominabatur
1053 635 1123 700 in
1172 634 1595 700 adulescente
1643 657 1751 700 ars
1797 635 2142 714 rhetorica,
2186 643 2262 701 ut
2305 635 2760 720 philosophiae
2806 636 3100 700 cederet.

758 741 903 806 Iam
948 763 1100 806 vero
1149 743 1319 806 sicut
1364 741 1703 808 Ciceronis
1749 763 1884 807 11011
1932 743 2274 808 tritissima
2319 742 2436 806 illa
2473 742 2933 822 adulescentiS,
2985 764 3175 826 quae
3225 743 3296 805 in

544 849 1097 912 commentariolis
1145 851 1457 932 reposuit,
1508 856 1864 933 praecepta
1910 871 2106 915 curae
2145 849 2334 915 nobis
2373 855 2546 928 sunt,
2597 848 2712 914 sed
2749 848 2896 914 libri
2935 849 3058 928 illi,
3119 871 3292 932 quos

542 960 683 1019 tum
731 954 1009 1033 demum,
1061 977 1208 1019 cum
1254 957 1387 1019 iam
1435 957 1725 1020 oratoria
1764 956 1959 1021 laude
1998 955 2239 1035 floruit,
2279 957 2560 1040 scripsit,
2609 958 2700 1021 ita
2738 956 3108 1039 Augustini
3149 977 3292 1020 non

542 1082 641 1138 ea,
708 1082 873 1144 quae
939 1061 1344 1141 adulescenS,
1412 1062 1529 1127 sed
1588 1085 1777 1146 quae,
1847 1085 1993 1127 cum
2062 1064 2350 1128 omnium
2407 1063 2901 1147 disciplinarum
2949 1085 3292 1126 summam

544 1168 881 1252 amplexus
930 1177 1117 1246 esset,
1168 1169 1247 1234 de
1298 1177 1437 1233 arte
1486 1169 1749 1234 dicendi
1797 1171 2002 1235 sensit
2047 1179 2244 1254 atque
2283 1171 2638 1255 praecepit,
2687 1169 2912 1234 audire
2951 1169 3289 1235 volumus.

755 1275 979 1359 Atque
1018 1283 1281 1341 exstant
1307 1275 1665 1358 Augustini
1704 1275 1855 1341 libri
1887 1276 2174 1359 quidam,
2228 1278 2339 1359 qui
2377 1277 2464 1341 ad
2502 1277 2978 1360 pulcherrimos
3013 1275 3289 1340 fructus

544 1382 911 1465 carpendos
976 1404 1096 1448 nos
1159 1384 1460 1460 invitant,
1527 1383 1733 1448 libros
1793 1391 2104 1467 quattuor
2167 1384 2271 1450 De
2321 1384 2618 1448 doctrina
2669 1383 3048 1450 Christiana
3103 1383 3284 1458 dico,

546 1510 708 1572 quos
756 1489 843 1553 ad
890 1497 1183 1554 oratores
1224 1490 1635 1556 Christianos
1682 1491 2101 1555 instruendos
2148 1513 2204 1555 a.
2244 1493 2390 1556 397.
2440 1490 2730 1555 nondum
2778 1497 3086 1573 suscepto
3141 1490 3285 1572 epi-

543 1603 819 1679 scopatu
857 1595 1141 1660 scribere
1182 1597 1415 1679 coepit,
1464 1593 1595 1661 Sed
1636 1618 1782 1660 cum
1821 1597 1971 1661 libri
2009 1597 2186 1662 tertii
2213 1605 2470 1680 partem
2501 1597 2910 1675 confecisset,
2946 1596 3280 1680 impedire

541 1723 677 1766 non
724 1704 960 1785 potuit,
1010 1704 1357 1786 quominus
1405 1703 1582 1787 quod
1630 1704 1986 1786 scripserat
2030 1704 2098 1767 in
2145 1703 2480 1786 publicum
2517 1704 2831 1787 prodiret.
2889 1703 3281 1769 Posteriore

547 1809 807 1874 demum
843 1817 1137 1894 tempore
1168 1813 1249 1894 (0.
1280 1833 1337 1875 a.
1366 1813 1543 1893 426.)
1570 1811 1886 1893 scriptum
1915 1810 2374 1895 imperfectum
2399 1811 2780 1894 recognovit
2807 1810 2997 1893 eique
3027 1809 3278 1874 librum

546 1925 871 1999 quartum,
922 1917 1033 2000 qui
1080 1924 1181 1982 est
1228 1917 1307 1981 de
1356 1917 1745 1996 elocutione,
1797 1918 2061 1982 adiecit.

759 2023 1011 2108 Quibus
1070 2024 1149 2089 de
1206 2024 1388 2088 libris
1442 2025 1537 2089 ita
1587 2025 1998 2104 disseremus,
2067 2032 2140 2089 111
2194 2047 2306 2089 008
2362 2047 2510 2089 011111
2559 2023 2894 2090 Ciceronis
2950 2024 3142 2089 libris
3195 2023 3275 2086 de

545 2137 685 2195 arte
723 2131 1051 2196 rhetorica
1091 2152 1559 2214 comparemus,
1606 2131 1781 2195 Nam
1831 2131 1886 2195 si
1931 2134 2165 2196 horum
2213 2131 2527 2196 librorum
2575 2139 2952 2214 praecepta,
2975 2152 3273 2216 ‘quorum

542 2259 853 2320 magnam
899 2245 1153 2321 partem
1184 2237 1593 2320 Augustinus
1640 2239 1707 2302 in
1756 2259 2010 2302 summa
2057 2244 2389 2302 senectute
2439 2238 2845 2320 conscripsit,
2892 2259 3038 2302 cum
3083 2237 3274 2303 Cice·

543 2349 721 2408 101118
779 2352 919 2408 arte
970 2344 1232 2408 dicendi
1289 2366 1645 2428 congruere
1703 2345 2084 2422 videbimuS,
2139 2346 2605 2423 coniecturam,
2675 2365 2872 2426 quam
2926 2344 3129 2408 modo
3191 2343 3270 2406 de

544 2450 918 2534 Augustino
960 2451 1295 2518 Ciceronis
1344 2456 1411 2515 in
1458 2452 1586 2516 hac
1634 2458 1773 2517 arte
1824 2452 2154 2517 imitatore
2201 2451 2495 2530 fecimuS,
2543 2451 2891 2535 probatam
2929 2471 3074 2515 esse
3123 2471 3271 2533 per-

546 2579 808 2622 suasum
855 2556 1264 2623 habebimus·

754 2665 1150 2748 Priusquam
1179 2686 1331 2728 vero
1360 2665 1451 2728 ad
1478 2665 1842 2742 materiam,
1884 2686 2080 2748 quam
2110 2665 2299 2728 nobis
2328 2664 2806 2748 proposuimus,
2843 2664 3266 2728 tractandam

543 2771 961 2850 accedamuS,
1001 2771 1319 2836 nonnulla
1360 2771 1439 2835 de
1480 2769 1836 2850 CiceroniS,
1880 2792 2043 2853 quos
2080 2771 2186 2834 De
2226 2779 2486 2836 oratore
2525 2771 2805 2852 scripsit,
2853 2769 3036 2834 libris
3073 2789 3266 2854 prae-

543 2881 892 2942 mittemus,
978 2879 1129 2943 Hoc
1174 2878 1492 2961 imprimis
1549 2885 1782 2942 notatu
1833 2877 2103 2960 dignum
2159 2885 2261 2942 est
2304 2878 2372 2940 in
2438 2875 2622 2940 libris
2669 2876 2799 2940 illis
2846 2875 2952 2940 De
3001 2883 3266 2941 oratore

544 2983 857 3049 Crassum
896 2992 963 3049 et
991 2984 1400 3062 Antonium²
1444 2983 1742 3068 plurimis
1780 2983 1946 3048 locis
1991 2985 2308 3047 acerrime
2353 2983 2422 3046 in
2463 2983 2727 3047 dicendi
2773 2983 3124 3065 magistros
3169 2983 3265 3045 in·

542 3091 710 3167 vehi,
762 3091 941 3174 quod
986 3091 1320 3155 immodici
1360 3092 1491 3156 sint
1526 3090 1788 3155 artificii
1826 3091 1926 3154 sui
1965 3091 2419 3156 aestimatores
2436 3090 2478 3169 ³,
2519 3112 2667 3154 cum
2705 3089 3053 3154 artificium
3091 3089 3264 3170 ipso·

541 3218 685 3259 rum
732 3197 1189 3281 imperfectum
1236 3198 1573 3280 magisque
1629 3217 1986 3280 puerorum
2035 3197 2358 3261 mentibus
2420 3217 2618 3280 quam
2665 3199 2870 3262 aetati
2915 3202 3262 3279 provectae

544 3311 611 3367 et
656 3307 801 3367 usui
848 3303 1091 3368 forensi
1138 3309 1223 3368 sit
1270 3303 1897 3368 accO1nmodatum⁴.
1979 3303 2298 3368 Attamen
2347 3303 2578 3369 Cicero
2625 3307 2693 3366 in
2740 3303 3074 3367 rhetorum
3124 3309 3261 3366 arte

541 3407 795 3488 laudat,
848 3431 1014 3492 quae
1061 3410 1402 3474 laudanda
1450 3417 1620 3488 sunt,
1671 3419 1870 3494 atque
1919 3414 2154 3474 iterum
2200 3414 2564 3492 iterumque
2613 3431 2758 3473 eam
2798 3430 2838 3472 a
2877 3430 2945 3472 se
2993 3427 3264 3491 prorsus

542 3537 675 3580 non
732 3518 909 3596 reici,
967 3518 1083 3580 sed
1139 3522 1351 3581 minus
1407 3538 1547 3580 esse
1602 3521 2046 3582 necessariam
2105 3517 2194 3580 ad
2250 3515 2414 3579 bene
2466 3515 2835 3593 dicendum,
2885 3514 2974 3578 ad
3022 3535 3261 3598 cogno-

544 3623 859 3686 scendum
926 3629 1145 3687 autem
1206 3645 1340 3687 non
1403 3622 1835 3688 illiberalem-⁷³
1904 3623 2229 3688 adfirmat.
2310 3623 2409 3688 At
2470 3622 2636 3687 haec
2688 3621 2836 3686 laus
2893 3621 3262 3686 rhetoribus

542 3733 806 3794 minime
855 3728 1246 3809 sufficiebat,
1315 3735 1427 3813 (1111
1484 3729 1851 3809 artificium,
1911 3730 2091 3814 quod
2145 3728 2516 3807 tradebant,
2571 3733 2942 3810 unicuique,
3001 3731 3118 3811 qui
3167 3728 3260 3791 di-

546 3836 737 3900 cendi
777 3837 994 3900 studio
1034 3836 1362 3920 flagraret,
1402 3841 1775 3901 necessario
1817 3837 2321 3919 perdiscendum
2353 3857 2493 3899 esse
2531 3833 3078 3919 persuadebantss.
3123 3834 3260 3900 Ita-

544 3964 669 4026 que
717 3942 897 4007 haud
946 3947 1177 4008 mirum
1226 3952 1342 4022 est,
1395 3944 1571 4027 quod
1618 3944 1792 4007 hanc
1839 3947 2110 4007 nimiam
2149 3947 2606 4024 magistrorum
2645 3945 2744 4006 sui
2784 3944 3160 4023 opinionem
3200 3951 3261 4002 et

550 4086 974 4094 ——q—mffl

759 4171 779 4206 ²
816 4171 1062 4226 Confess.
1100 4172 1148 4224 V
1187 4175 1238 4238 6,
1281 4173 1361 4226 10.

758 4261 779 4293 ²
815 4260 882 4312 In
921 4279 1159 4328 quorum
1196 4261 1487 4314 hominum
1526 4261 1864 4314 disertorum
1907 4262 2254 4315 sermonibus
2287 4263 2610 4315 Ciceronem
2651 4278 2808 4313 suum
2842 4259 3013 4328 ipsius
3043 4259 3112 4312 de
3143 4265 3259 4312 arte

542 4349 766 4402 dicendi
808 4351 1075 4403 iudicium
1116 4353 1419 4418 reposuisse
1456 4351 1708 4404 homines
1748 4351 1904 4403 docti
1943 4353 2318 4404 consentiunt.

758 4438 780 4472 3
816 4440 897 4492 De
938 4458 1015 4492 or.
1046 4439 1076 4492 1
1117 4440 1235 4492 110.

756 4529 777 4561 ⁴
818 4529 899 4580 De
938 4546 1015 4580 or.
1046 4528 1110 4580 II
1150 4529 1267 4582 162.

760 4616 781 4648 ⁵
819 4617 900 4668 De
940 4635 1017 4668 or.
1056 4615 1089 4668 I
1127 4616 1230 4668 145
1270 4633 1346 4683 sq.

760 4702 782 4737 ⁶
819 4703 903 4755 Cf.
944 4703 1085 4772 frag.
1127 4721 1172 4755 c.
1204 4704 1286 4769 13,
1324 4721 1376 4771 p.
1415 4704 1516 4757 144
1555 4703 1692 4770 (IL).
