3567 5109
1725 272 1988 333 -22
2085 306 2168 316 --

581 477 949 543 Alcibiadis
989 479 1169 543 locos
1208 481 1709 563 interpretemur
1747 489 1814 544 et
1850 504 2008 545 num
2039 504 2078 545 a
2107 482 2388 546 Platone
2419 483 2645 564 scripti
2677 484 2826 559 sint,
2855 482 3315 560 diiudicemus.

582 593 832 650 ceteros
890 587 1191 651 Platonis
1255 590 1461 670 ipsius
1530 588 1731 663 loeoS‚
1790 588 2027 671 quibus
2095 589 2324 671 genius
2384 588 2676 653 Socratis
2745 597 3316 666 commemoratur,

582 692 989 773 proferamus
1047 694 1129 757 ad
1188 696 1782 777 pervestigandum,
1839 694 2075 778 quibus
2121 695 2167 758 ii
2217 694 2282 758 in
2333 695 2528 759 rebus
2583 697 3017 774 consentiant,
3071 696 3309 779 quibus

584 801 975 883 discrepent.
1038 800 1209 865 Sunt
1254 809 1473 866 autem
1519 802 1648 865 loci
1695 802 1836 865 hi:l
1883 801 2082 883 Apol.
2134 804 2213 866 31
2241 802 2336 865 D:
2399 851 2412 865 .
2457 850 2471 865 .
2523 805 2662 885 ἐμοὶ
2712 805 2780 867 δὲ
2826 805 2982 867 τοῦτ’
3033 806 3189 867 ἐστὶν
3236 808 3312 867 ἐκ

580 908 808 979 παιδὸς
836 910 1193 990 ἀρξάμενον
1220 912 1408 991 φωνή
1439 935 1525 978 τις
1555 912 1906 992 γιγνομένη,
1937 913 1974 991 ἢ
2007 911 2156 972 ὅταν
2185 912 2445 993 γένηται,
2477 912 2570 973 ἀεὶ
2599 912 2931 991 ἀποτρέπει
2955 934 3038 993 με
3065 914 3313 980 τούτου,

582 1017 619 1075 ὃ
668 1017 747 1077 ἂν
790 1016 1003 1096 μέλλω
1048 1018 1349 1095 πράττειν,
1396 1018 1727 1097 προτρέπει
1776 1017 1845 1079 δὲ
1892 1018 2144 1079 οὔποτε·
2187 1064 2200 1077 .
2241 1067 2254 1078 .
2297 1066 2308 1078 .
2357 1015 2710 1097 Perspicue
2749 1017 2944 1080 Plato
2992 1016 3115 1080 hoc
3163 1016 3310 1081 loco
3360 1006 3372 1014 ’

584 1120 744 1185 (licit
790 1118 1130 1184 Socratem
1187 1121 1376 1203 genio
1435 1144 1551 1185 suo
1610 1123 1882 1186 vetitum
1940 1144 2081 1186 esse
2142 1123 2500 1204 quidquam
2559 1122 2792 1201 facere,
2847 1146 2980 1187 non
3037 1126 3310 1187 iussum.

582 1226 769 1290 Idem
808 1228 1041 1291 ceteris
1079 1227 1242 1291 locis
1279 1229 1642 1293 Platonicis
1682 1228 2174 1310 comprobatur:
2226 1228 2425 1310 Apol.
2459 1232 2543 1293 40
2569 1230 2632 1292 Α
2663 1252 2832 1311 seq.:
2883 1233 3022 1313 ἐμοὶ
3061 1232 3129 1294 δὲ
3167 1234 3312 1293 οὔτε

584 1336 799 1407 ἐξιόντι
845 1337 1052 1399 ἔωθεν
1099 1337 1357 1399 οἴκοθεν
1403 1338 1763 1419 ἠναντιώθη
1805 1338 1875 1399 τὸ
1913 1344 2021 1399 τοῦ
2061 1338 2218 1399 θεοῦ
2259 1344 2533 1419 σημεῖον,
2582 1340 2723 1401 οὔτε
2761 1340 2942 1419 ἡνίκα
2981 1340 3318 1420 ἀνέβαινον

584 1444 885 1506 ἐνταυθοῖ
932 1443 1031 1505 ἐπὶ
1076 1444 1145 1505 τὸ
1195 1444 1607 1525 δικαστήριον,
1666 1446 1790 1507 οὔτ’
1843 1445 1909 1505 ἐν
1963 1450 2052 1524 τῷ
2107 1444 2279 1524 λόγῳ
2335 1445 2627 1525 οὐδαμοῦ
2683 1446 2968 1525 μέλλοντί
3017 1470 3065 1507 τι
3123 1446 3313 1525 ἐρεῖν·4

583 1550 778 1611 καίτοι
810 1550 876 1611 ἓν
896 1550 1102 1618 ἄλλοις
1130 1550 1337 1630 λόγοις
1364 1551 1683 1631 πολλαχοῦ
1717 1551 1796 1631 δή
1826 1574 1907 1630 με
1937 1551 2156 1631 ἓπέσχε
2184 1550 2436 1631 λέγοντα
2465 1554 2724 1632 μεταξύ·
2754 1552 2888 1615 νυνὶ
2920 1552 2987 1614 δὲ
3016 1554 3316 1633 οὐδαμοῖ*

584 1655 724 1735 περὶ
762 1658 988 1737 ταύτην
1024 1658 1134 1737 τὴν
1170 1660 1397 1736 πρᾶξιν
1444 1658 1567 1719 οὔτ’
1610 1658 1675 1719 ἐν
1722 1659 1891 1737 ἔργῳ
1939 1656 2147 1719 οὐδενὶ
2194 1657 2317 1719 οὔτ’
2360 1659 2426 1719 ἕν
2471 1658 2643 1739 λόγῳ
2685 1659 3052 1739 ἠναντίωταί
3081 1682 3208 1739 μοι.
3256 1660 3320 1719 τί

586 1760 703 1823 οὖν
758 1763 949 1824 αἴτιον
1005 1762 1155 1825 εἶναι
1212 1764 1649 1845 ὑπολαμβάνω
1665 1788 1683 1835 ,·
1748 1764 1876 1844 έγιὶ)
1929 1766 2072 1844 ὑμῖν
2118 1766 2272 1844 ἐρῶ·
2323 1764 2663 1828 κινδυνεύει
2713 1766 2832 1846 γάρ
2877 1789 2988 1847 μοι
3033 1766 3102 1827 τὸ
3149 1770 3313 1846 ξιιμ-

583 1868 860 1949 [ἰεβηκὸς
924 1876 1104 1931 τοῦτο
1170 1870 1419 1950 ἀγαθὸν
1486 1872 1800 1950 γεγονέναι
1840 1920 1852 1930 .
1895 1921 1906 1931 .
1948 1920 1959 1931 .
1997 1873 2161 1952 μέγα
2216 1896 2324 1952 μοι
2381 1874 2716 1953 τεκμήριον
2761 1873 2983 1935 τούτου
3032 1876 3316 1953 γέγονεν·

587 1977 663 2037 01²²
704 1975 824 2056 γὰρ
862 1977 1000 2039 ἔσθ’
1044 1978 1223 2045 ὅπως
1260 1978 1380 2039 οὐκ
1423 1979 1779 2059 ἠναντιώθη
1821 1980 1899 2039 ἄν
1934 2002 2041 2058 μοι
2083 1978 2150 2040 τὸ
2189 1978 2424 2047 εἰωθὸς
2461 1984 2736 2059 σημεῖον,
2775 1980 2832 2041 εἰ
2851 1981 2942 2060 μή
2973 2003 3025 2040 τι
3053 1979 3318 2059 ἔμελλον

586 2083 713 2162 ἐγὼ
763 2082 1013 2163 ἀγαθὸν
1056 2085 1330 2163 πράξειν.
1381 2080 1651 2145 Theaet.
1708 2086 1829 2147 151
1853 2081 1947 2145 A:
1999 2134 2012 2145 .
2052 2134 2065 2145 .
2104 2085 2286 2153 ἐνίοις
2329 2085 2446 2165 μὲν
2491 2085 2561 2147 τὸ
2609 2085 2973 2166 γιγνόμενόν
3017 2110 3125 2165 μοι
3175 2086 3317 2147 δαι-

584 2190 807 2269 μόνιον
854 2190 1211 2253 ἀποκωλύει
1260 2194 1544 2263 ξυνεῖναι,
1593 2192 1773 2260 ἓνίοις
1814 2192 1882 2253 δὲ
1920 2192 1995 2253 M
2031 2192 2136 2253 καὶ
2173 2192 2357 2253 πάλιν
2394 2192 2567 2253 αὐτοὶ
2607 2192 2966 2254 ε’·πιδιδόασι.
3024 2189 3312 2253 Phaedr.

586 2298 715 2358 242
738 2294 797 2357 B
836 2314 1004 2377 seq.:
1054 2346 1069 2359 .
1100 2347 1112 2358 .
1142 2297 1211 2359 τὸ
1252 2299 1575 2378 δαιμόνιόν
1612 2322 1674 2360 τε
1710 2299 1818 2360 καὶ
1857 2296 1994 2380 [τὸ]
2034 2298 2269 2367 εἰωθὸς
2305 2299 2563 2381 σημεῖόν
2589 2322 2697 2379 μοι
2729 2300 3044 2379 γίγνεσθαι
3071 2300 3318 2378 ἐγένετο

588 2440 608 2445 —
633 2441 668 2445 —
710 2402 805 2463 ἀεὶ
844 2403 915 2464 δέ
948 2426 1030 2483 με
1066 2404 1313 2484 ἐπίσχει,
1353 2405 1389 2465 ὃ
1428 2406 1507 2465 ἂν
1541 2404 1753 2485 μέλλω
1791 2406 2074 2484 πράττειν
2114 2442 2196 2447 ——
2236 2406 2346 2467 καί
2377 2428 2506 2467 τινα
2546 2405 2773 2486 φωνὴν
2810 2406 3000 2477 ἔδοξα
3037 2404 3316 2466 αὐτόθεν

587 2510 873 2579 ἀκοῦσαι,
924 2511 961 2591 ἤ
1006 2534 1087 2591 με
1134 2511 1255 2572 σι”κ
1304 2512 1377 2593 ἐᾷ
1422 2512 1662 2572 ἀπιέναι
1708 2513 1858 2593 πρὶν
1902 2514 1981 2574 ἂν
2018 2512 2502 2593 ἀφοσιώσωμαι,
2551 2513 2644 2580 ὥς
2681 2536 2732 2573 τι
2770 2512 3174 2593 ἡμαρτηκότα
3223 2512 3318 2578 εἷς

586 2616 655 2677 τὸ
692 2616 885 2678 θεῖον.
959 2614 1243 2697 Euthyd.
1285 2615 1523 2680 272E:
1580 2668 1592 2680 .
1625 2668 1637 2679 .
1668 2618 2077 2699 ἀνισταμένου
2119 2618 2189 2680 δέ
2223 2642 2352 2699 μου
2392 2620 2628 2699 ἐγένετο
2667 2619 2734 2680 τὸ
2772 2618 3007 2687 εἰωθὸς
3052 2624 3320 2698 σημεῖον

586 2723 654 2784 τὸ
702 2724 1043 2804 δαιμόνιον.
1090 2724 1273 2785 πάλιν
1318 2723 1399 2786 αὖ
1449 2726 1867 2807 ἐκαθεζόμην.
1925 2724 2113 2806 Reip.
2163 2724 2206 2787 l.
2237 2723 2340 2789 VI
2388 2726 2516 2787 496
2541 2724 2622 2788 C:
2675 2775 2687 2787 .
2728 2775 2741 2786 .
2779 2725 2849 2787 τὸ
2897 2726 2956 2787 δ’
3011 2726 3319 2806 ἡμέτερον

586 2830 707 2891 σι’νκ
754 2830 930 2901 ἄξιον
974 2830 1184 2909 λέγειν,
1234 2830 1303 2892 τὸ
1351 2832 1675 2912 δαιμόνιον
1722 2839 2005 2913 σημεῖον·
2056 2836 2094 2914 ἢ
2146 2834 2265 2912 γάρ
2312 2833 2438 2893 πού
2486 2856 2594 2893 τινι
2641 2832 2812 2913 ἄλλῳ
2851 2835 2888 2913 ἢ
2929 2831 3136 2893 οὐδενὶ
3181 2836 3318 2893 τῶν

588 2938 951 3017 έζιιπροσθεν
998 2940 1227 3017 γέγονε.
1312 2936 1680 3019 Euthyphr.
1722 2940 1761 3001 3
1789 2938 1877 3000 B:
1927 2938 2290 3010 ᾹῙανθάνιι),
2339 2937 2396 3001 (ἶ)
2443 2938 2811 3019 Σώκρατες·
2861 2940 2950 2999 ὅτι
2999 2938 3075 3019 δὴ
3125 2937 3201 2999 σὺ
3241 2938 3316 2998 τὸ

590 3044 914 3124 δαιμόνιον
960 3044 1088 3125 φῂς
1135 3051 1347 3125 σαυτῷ
1395 3046 1683 3108 ἑκάστοτε.
1731 3047 2063 3126 γίγνεσθαι.
2129 3044 2327 3107 Locis
2377 3044 2615 3121 allatiS,
2663 3044 2824 3126 quid
2869 3044 3038 3107 inter
3086 3042 3315 3125 genui-

589 3170 744 3211 num
817 3149 1167 3213 Platonem
1234 3157 1300 3213 et
1356 3150 1725 3214 Alcibiadis
1792 3153 2141 3233 sciptorem
2208 3152 2483 3228 intersit,
2545 3152 2676 3215 iam
2743 3151 3100 3215 dilucidum
3165 3171 3314 3212 esso

589 3276 948 3318 censemus,
1043 3256 1145 3319 Ao
1192 3258 1473 3337 primum
1523 3258 1790 3340 quidem
1837 3280 1984 3321 cum
2032 3258 2100 3320 in
2147 3257 2448 3321 Platonis
2505 3257 2688 3321 libris
2737 3259 2968 3340 genius
3017 3256 3318 3321 Socratis

592 3361 750 3424 nihil
792 3363 876 3424 sit
912 3362 1038 3425 nisi
1078 3385 1202 3426 vox
1229 3363 1327 3426 vel
1368 3364 1625 3445 signum
1666 3365 1997 3445 quoddam
2037 3402 2122 3409 —
2164 3364 2401 3427 dicitur
2439 3364 2608 3426 enim
2649 3368 2857 3447 φωνή,
2894 3365 2966 3427 τὸ
3000 3372 3110 3427 τοῦ
3150 3365 3316 3427 θεοῦ

589 3476 863 3551 σημεῖον,
912 3471 979 3531 τὸ
1029 3472 1370 3552 δαιμόνιον,
1418 3472 1488 3533 τὸ
1536 3472 1862 3553 δαιμόνιον
1907 3478 2182 3554 σημεῖον,
2230 3472 2298 3533 τὸ
2349 3472 2674 3553 δαιμόνιόν
2719 3496 2781 3534 τε
2827 3472 2932 3533 καὶ
2969 3472 3038 3533 τὸ
3077 3470 3320 3537 εἰωθὸς

589 3582 864 3658 σημεῖον,
903 3577 973 3639 τὸ
1010 3578 1245 3646 εἰωθὸς
1283 3585 1542 3659 σημεῖον
1576 3578 1646 3640 τὸ
1686 3579 2012 3659 δαιμόνιον
2061 3616 2163 3654 --‚
2209 3578 2497 3641 imitat-or
2545 3577 2654 3641 ille
2701 3578 2839 3639 sine
2890 3576 3086 3640 dubio
3135 3576 3318 3639 hunc,

593 3682 883 3745 Socratis
942 3684 1205 3765 genium
1259 3682 1427 3746 falso
1487 3684 1889 3747 intellec-tum
1938 3684 2128 3748 deum
2190 3684 2402 3766 ipsum
2460 3686 2929 3765 interpretatus
2979 3691 3105 3747 est:
3157 3684 3314 3747 dae-

592 3790 879 3851 monium
936 3790 1004 3852 in
1061 3810 1380 3871 personae
1438 3792 1771 3853 notionem
1832 3790 1994 3853 abiit
2060 3791 2388 3871 (omnibus
2448 3792 2618 3855 enim
2675 3797 2936 3873 praeter
2989 3812 3052 3871 p.
3098 3788 3316 3853 103A

589 3895 752 3958 locis
781 3898 951 3972 θεός,
990 3902 1185 3977 atque
1217 3896 1381 3959 adeo
1421 3919 1485 3978 p.
1524 3900 1646 3960 124
1671 3897 1724 3962 C
1765 3904 1944 3960 tutor
1975 3897 2268 3961 Socratis
2309 3898 2727 3980 appellatur),
2768 3898 2836 3960 id
2865 3897 3041 3978 quod
3080 3903 3318 3977 postea

592 4002 985 4083 antiquitate
1024 4009 1299 4065 exeunte
1342 4009 1514 4067 certe
1555 4026 1594 4065 a
1632 4004 1929 4085 plurimis
1971 4002 2408 4067 (·redebat11r.²
2467 4002 2599 4067 Sed
2635 4004 2983 4067 Platonem
3021 4002 3316 4065 imitator

590 4108 699 4171 ille
750 4109 991 4189 optime
1040 4109 1294 4172 videtur
1345 4108 1807 4187 observavisse‚
1864 4111 2042 4193 quod
2097 4132 2428 4193 nusquam
2479 4110 2818 4174 Socratem
2866 4132 2906 4173 a
2954 4108 3141 4191 genio
3190 4129 3318 4170 suo

592 4215 933 4277 incitatum
981 4237 1123 4277 esse
1174 4216 1350 4293 dicit,
1395 4222 1469 4279 ut
1507 4238 1652 4280 cum
1693 4217 2042 4281 Alcibiade
2092 4217 2590 4299 colloqueretur,
2637 4216 2753 4279 sod
2801 4216 3102 4287 omnibus
3149 4214 3320 4277 locis

595 4463 740 4530 θεὸς
777 4463 979 4531 ἐθέλῃ,
1018 4462 1167 4529 quod
1208 4462 1349 4514 nihil
1388 4468 1472 4515 est
1510 4464 1614 4515 nisi
1659 4469 1912 4516 nostrum
1953 4464 2063 4529 „So
2104 4465 2244 4515 Gott
2282 4464 2450 4529 will“,
2492 4464 2641 4529 quod
2681 4464 2824 4531 apud
2863 4461 3156 4514 Platonem
3199 4480 3320 4513 sac-

592 4552 715 4617 pius
756 4551 1053 4603 iuvenitur.

810 4657 829 4691 ¹
866 4658 1026 4710 Conf.
1065 4658 1265 4725 Zeller,
1304 4658 1448 4711 Phil.
1490 4658 1684 4712 Gra-ec.
1726 4660 1834 4717 (ecl.
1865 4658 1981 4727 ΙΙΙ)
2019 4658 2082 4711 II
2124 4660 2149 4711 1
2191 4677 2242 4727 p.
2277 4660 2343 4713 73
2383 4676 2493 4726 seq.

810 4764 830 4799 ²
869 4766 1038 4816 (¹uius
1080 4766 1156 4817 rei
1195 4766 1517 4818 testimonia.
1556 4766 1788 4833 collegit
1827 4764 2026 4831 Zoller‚
2056 4764 2202 4819 Phil.
2235 4765 2431 4817 Graec.
2463 4765 2572 4831 (ed.
2604 4765 2722 4831 111)
2761 4764 2820 4817 ΙΙ
2867 4766 2890 4817 1
2933 4783 2984 4831 p.
3009 4764 3077 4817 70
3115 4764 3242 4816 adn.
3271 4766 3322 4817 1.
