3567 5109
1682 241 2122 304 —94—

539 473 779 536 genere
818 473 963 518 eum
1003 452 1427 517 exercitatum
1466 451 1673 517 fuisse
1709 471 1846 516 non
1883 451 2264 534 ignoramus
2283 451 2324 528 ¹,
2363 448 2720 532 discipulos
2748 469 3056 514 exemere
3097 447 3284 512 haud

541 559 851 642 neglexit.

754 665 981 752 Atque
1037 686 1117 731 ex
1172 667 1541 749 praeceptis
1586 665 1740 744 illis,
1812 664 2053 748 quibus
2109 663 2418 748 discipuli
2466 665 2537 730 in
2586 664 2802 728 causis
2847 661 3285 728 iudicialibus

538 773 1037 840 instruebantur
1106 775 1175 838 in
1237 774 1450 857 iisque
1524 773 1876 838 maximam
1950 777 2206 855 partem
2273 773 2484 836 omnis
2557 771 2892 836 rhetorum
2966 769 3286 834 doctrina

540 879 927 946 versabatur
991 882 1375 964 (praecepta
1438 878 1555 944 illa
1612 879 1757 944 dico
1820 879 1900 943 de
1957 877 2257 958 statibuS,
2324 878 2687 962 principiiS,
2752 875 3284 952 narrationibus,

540 987 961 1070 argumentis,
1010 987 1174 1051 locis
1226 986 1699 1066 communibus,
1750 985 2302 1070 perorationibuS,
2352 985 2530 1068 alia),
2579 1006 2713 1050 una
2759 983 2904 1049 sola
2941 981 3284 1066 particula

538 1100 814 1177 excepta
860 1093 1277 1176 Augustinus
1322 1092 1489 1158 nihil
1534 1114 1805 1176 prorsus
1850 1091 2090 1158 litten's
2138 1092 2430 1158 tradidit.

754 1199 940 1285 Quae
988 1221 1140 1266 vero
1189 1199 1517 1284 particula
1566 1199 1651 1264 ad
1696 1200 1871 1264 hanc
1911 1200 2363 1282 quaestionem
2399 1205 2574 1264 recte
2611 1196 3034 1264 tractandam
3075 1203 3284 1280 atque

538 1308 923 1373 solvendam
986 1308 1156 1373 tanti
1225 1312 1327 1371 est
1389 1307 1721 1386 momenti,
1789 1313 1866 1370 ut
1919 1307 2204 1372 maximo
2259 1306 2500 1389 gaudio
2559 1304 2862 1370 adfectus
2909 1305 3056 1383 sim,
3133 1325 3284 1368 cum

538 1413 1049 1480 Confessionum
1094 1413 1245 1478 illos
1292 1412 1495 1478 libros
1540 1411 1766 1496 legens
1817 1433 1962 1477 eam
2007 1413 2424 1477 invenissem.
2497 1411 2682 1476 Libri
2731 1411 2904 1478 enim
2949 1410 3044 1476 X.
3097 1411 3281 1493 capi-

538 1521 719 1586 tibus
768 1525 828 1586 8.
880 1527 946 1586 et
991 1524 1052 1585 9.
1100 1519 1516 1602 Augustinus
1566 1519 1645 1584 de
1694 1541 1938 1602 magna
1995 1520 2346 1584 memoriae
2394 1540 2554 1584 suae
2603 1519 2664 1582 vi
2713 1519 3029 1602 disputat,
3105 1537 3280 1601 quae

540 1628 861 1692 immensa
908 1627 1273 1709 capacitate
1320 1625 1636 1709 plurimas
1684 1647 1789 1692 res
1835 1633 2081 1691 teneat.
2137 1627 2349 1691 Immo
2387 1626 2598 1691 latere
2642 1626 2728 1692 ad
2774 1625 2844 1690 id
2888 1632 3160 1708 tempus
3209 1627 3280 1688 in

541 1734 855 1798 memoria
894 1754 1007 1798 sua
1050 1732 1364 1816 reliquias
1396 1731 1716 1815 quasdam
1748 1732 1828 1797 de
1861 1732 2177 1798 doctrinis
2205 1733 2610 1810 liberalibuS,
2661 1731 2898 1816 quibus
2925 1739 3030 1796 tot
3059 1751 3278 1797 annos

540 1860 811 1922 prorsus
859 1860 1125 1922 operam
1172 1860 1307 1904 non
1356 1838 1664 1904 dederit2.
1733 1838 1916 1924 Quas
1962 1841 2143 1922 ipsas
2189 1861 2260 1904 se
2309 1841 2620 1905 memon'a
2667 1841 3004 1905 continere
3019 1839 3064 1918 ³,
3119 1859 3276 1904 con·

544 1952 874 2012 cretarum
922 1953 1143 2012 autem
1190 1967 1406 2011 rerum
1452 1967 1523 2010 se
1570 1946 1890 2030 imagines
1937 1947 2114 2012 solas
2161 1947 2378 2013 animo
2427 1949 2710 2012 tenere⁴.

757 2053 928 2118 Tum
972 2055 1069 2118 ita
1117 2053 1358 2136 pergit:
1410 2054 1503 2116 At
1534 2075 1698 2135 ἰἐνο,
1738 2077 1890 2118 mem
1935 2056 2132 2119 aude'o
2170 2056 2300 2118 tria
2331 2076 2568 2138 ymera
2605 2076 2736 2120 esse
2771 2054 3234 2138 quaestionum
3251 2079 3274 2115 .-

536 2183 631 2224 an
674 2161 779 2242 sil,
828 2161 989 2244 quid
1030 2161 1135 2242 sit,
1183 2161 1372 2244 quale
1416 2162 1521 2233 sit,
1568 2183 1884 2226 sonorum·
1928 2163 2205 2245 qve-idem,
2253 2163 2494 2246 quibus
2539 2163 2692 2228 haec
2735 2163 2926 2226 verba
2979 2163 3270 2246 eonfeeta

536 2273 715 2348 smzt,
780 2267 1099 2350 inmyinae
1166 2273 1359 2348 teneO,
1426 2273 1489 2330 et
1548 2289 1651 2331 eos
1696 2290 1820 2352 per
1871 2289 2075 2332 auras
2129 2289 2277 2332 eum
2324 2269 2604 2352 strepitu·
2653 2270 2966 2334 transssse
3007 2291 3088 2334 ac
3137 2271 3270 2333 iam

538 2395 674 2438 uon
710 2395 842 2438 esse·
876 2374 1025 2438 seio,
1077 2373 1206 2437 Res
1254 2395 1398 2436 rero
1444 2374 1623 2457 ipsas
1666 2426 1677 2438 .
1727 2426 1739 2438 .
1789 2427 1800 2438 .
1849 2427 1860 2439 .
1903 2375 1978 2438 in
2014 2375 2330 2438 memoria
2366 2375 2696 2439 recondidi
2733 2425 2745 2438 .
2791 2429 2802 2441 .
2851 2429 2862 2440 .
2911 2429 2922 2441 .
2978 2376 3025 2439 I
3021 2377 3093 2440 ln·
3127 2399 3269 2460 eryo

537 2486 727 2544 eraut
778 2487 841 2544 et
890 2486 1241 2564 antequam
1287 2501 1361 2544 ea
1405 2480 1771 2544 didicissem
1805 2533 1817 2544 .
1857 2533 1868 2546 .
1909 2533 1922 2545 .
1960 2533 1970 2544 .
2024 2502 2242 2563 quare,
2290 2503 2442 2546 eum
2485 2483 2868 2564 dicerentur,
2923 2483 3170 2566 aquari
3212 2487 3268 2544 el

534 2588 712 2652 de'm':
760 2588 854 2651 ita
901 2593 1011 2668 ‹as-t,
1058 2607 1285 2651 rerum
1332 2585 1481 2650 est5.

750 2693 857 2757 Ex
892 2693 1014 2772 hia,
1066 2713 1233 2776 quae
1283 2692 1477 2757 modo
1526 2691 1884 2772 attulimus,
1925 2693 2286 2776 Augustini
2323 2693 2539 2758 verbis
2585 2701 2758 2759 certe
2797 2693 3080 2758 efficitur
3119 2717 3264 2758 eum

536 2801 607 2864 in
654 2798 878 2864 schola
920 2799 1199 2863 rhetoris
1242 2801 1371 2863 τινὰ
1408 2820 1550 2863 esse
1588 2800 2046 2884 quaest-ebreum
2075 2821 2312 2884 ymera
2351 2800 2656 2866 didicisse
2697 2807 2764 2866 et
2789 2807 3016 2884 postea
3047 2803 3264 2884 ipsum

540 2905 899 2971 docuisse⁶.
992 2905 1139 2970 Iam
1185 2926 1336 2970 vero
1386 2928 1425 2970 a
1474 2905 1735 2971 dicendi
1787 2907 2116 2990 magistris
2161 2929 2284 2970 usu
2333 2915 2670 2991 receptum
2717 2915 2878 2988 erat,
2937 2914 3014 2972 ut
3061 2929 3262 2992 quae-

753 3131 773 3165 ²
820 3131 1169 3188 Revocemus
1217 3134 1365 3186 enim
1412 3135 1468 3187 in
1516 3136 1860 3204 memoriam,
1910 3153 2049 3206 quae
2097 3137 2166 3190 de
2212 3137 2330 3190 eius
2377 3138 2715 3208 panegyrico
2764 3139 2821 3190 in
2868 3139 3258 3207 imperatorem

540 3220 849 3275 Mediolani
888 3223 1085 3275 habito
1124 3223 1453 3276 audivimus.

755 3310 776 3343 ²
814 3309 1205 3364 confessiones
1242 3313 1392 3364 enim
1432 3329 1575 3366 anno
1615 3331 1667 3381 p.
1707 3313 1808 3366 Oh.
1847 3331 1900 3366 n.
1939 3313 2063 3370 400.
2101 3314 2286 3368 editae
2327 3320 2471 3368 nunt.
2538 3315 2622 3368 Of.
2663 3314 2914 3370 Retract.
2955 3315 3017 3372 11
3055 3317 3125 3371 32
3165 3318 3258 3378 (6).

752 3398 774 3432 ³
812 3397 973 3466 Quia,
1013 3404 1075 3452 ut
1112 3401 1295 3454 verbis
1334 3401 1621 3454 hominum
1660 3403 1826 3456 huius
1865 3405 2068 3456 aetatis
2106 3404 2319 3474 loquar,
2357 3406 2615 3460 notiones
2653 3405 2969 3460 abstractae
3007 3413 3156 3462 sunt.

753 3490 776 3521 ⁴
813 3488 1060 3542 confess·
1098 3488 1154 3542 X
1192 3490 1243 3556 9,
1284 3490 1375 3544 16:
1436 3491 1540 3544 Sed
1578 3509 1688 3544 non
1722 3511 1786 3546 ea
1821 3493 1940 3545 sola
1969 3497 2144 3558 qestat
2180 3494 2454 3548 inmtensa
2491 3495 2600 3548 asta
2636 3496 2918 3564 capacitas
2963 3497 3260 3551 memoriae

536 3595 701 3632 vaeae.
742 3577 850 3630 Hie
878 3583 1007 3632 sunt
1033 3583 1081 3630 et
1108 3577 1211 3632 illa
1236 3595 1362 3631 omn
1374 3578 1449 3644 ιά,
1480 3597 1617 3647 quae
1642 3581 1705 3633 cle
1730 3581 2001 3634 doctrinis
2039 3581 2357 3636 liberalibus
2379 3589 2630 3652 perc-epla
2657 3585 2902 3638 nondum
2929 3585 3260 3641 excedet-unt.

536 3667 703 3735 quasi
736 3672 943 3720 remota
978 3666 1241 3720 interiore
1278 3668 1405 3732 loeo,
1445 3686 1554 3722 non
1592 3671 1731 3732 loeo;
1780 3687 1876 3722 nec·
1913 3688 2095 3722 comm
2141 3671 2427 3738 1'maqines,
2465 3673 2557 3726 sed
2591 3691 2678 3724 res
2714 3673 2871 3742 ipsas
2901 3691 3047 3742 yet-o.
3111 3673 3259 3728 It'am

536 3757 673 3825 quid
698 3757 775 3810 sit
803 3754 1133 3824 litteratura,
1170 3755 1307 3824 quid
1333 3757 1543 3824 peritia
1581 3759 1925 3826 (Ie'sttandi,
1953 3765 2078 3828 quot
2099 3777 2298 3827 ρωποι-α
2326 3762 2724 3830 quaestionum,
2761 3763 3033 3832 quiclquid
3066 3763 3258 3818 horum

536 3846 668 3914 802'0,
705 3845 789 3898 sie
825 3851 901 3898 est
942 3843 999 3896 in
1040 3845 1308 3898 memoria
1334 3862 1470 3911 mea,
1500 3851 1561 3898 ut
1590 3865 1697 3900 non
1726 3853 1931 3900 retenta
1961 3848 2207 3916 v'maqe'ne
2233 3867 2346 3902 rem
2373 3849 2518 3917 foris
2543 3851 2861 3919 reliqtmw’m
2893 3857 2991 3906 aut
3015 3853 3260 3907 sonuerit

537 3939 634 3987 aul
663 3933 1031 4002 praeterierit,
1067 3934 1213 3986 sic-ul
1251 3951 1349 3987 vox
1388 3933 1652 4003 impressa
1684 3954 1786 4004 per
1822 3955 2000 3990 aures.
2147 3998 2154 4008 ,

753 4021 775 4054 ⁵
812 4021 1001 4075 Verba
1039 4029 1222 4076 autem
1264 4041 1309 4076 c.
1336 4025 1429 4078 10:
1470 4023 1583 4077 Aut
1609 4043 1794 4094 qua-re,
1825 4044 1950 4078 eum
1976 4027 2301 4094 dicerentur,
2340 4029 2540 4097 aquom'
2565 4035 2613 4082 et
2641 4029 2767 4082 dixi
2783 4048 2801 4082 .·
2841 4030 2928 4084 ica
2953 4035 3047 4098 est,
3076 4049 3254 4084 verum

534 4115 630 4178 est,
670 4109 789 4162 nisi
824 4110 955 4178 quia
995 4111 1109 4164 iam
1150 4118 1307 4165 erant
1348 4108 1405 4165 ιή
1445 4113 1729 4182 memoria,
1777 4115 1872 4166 secl
1918 4121 2028 4166 tam
2077 4122 2282 4170 remota
2325 4123 2374 4170 et
2416 4123 2636 4172 retrusa
2678 4119 2844 4187 quasi
2879 4120 2948 4172 in
2981 4119 3132 4173 cavis
3169 4121 3256 4172 ab·

534 4197 850 4267 ditior-ihm,
889 4205 951 4252 ut
986 4199 1105 4252 nisi
1140 4201 1459 4256 admonente
1496 4203 1681 4270 aliquo
1720 4209 2053 4272 erueremur,
2090 4222 2152 4256 ea
2187 4206 2420 4273 fortasse
2449 4207 2686 4276 eoyitare
2711 4227 2823 4261 uon·
2843 4225 3058 4278 possem
3071 4207 3100 4259 ἓ
3133 4207 3256 4262 Pla-

537 4291 684 4340 tonis
724 4287 1037 4342 doctrinam
1076 4291 1314 4358 sapiunt.
1382 4291 1748 4344 Conferamus
1790 4290 2226 4360 Soliloquiorum
2265 4293 2329 4348 II
2369 4315 2414 4349 c.
2446 4298 2540 4352 20:
2615 4297 2764 4349 Tales
2799 4303 2947 4364 sunt,
3002 4297 3103 4366 qui
3138 4298 3258 4350 bem

532 4377 858 4445 disciplinis
897 4378 1213 4432 liberalibus
1249 4379 1487 4432 eruditi:
1526 4381 1583 4432 si
1606 4381 1821 4448 quidem
1859 4380 1985 4434 illas
2012 4383 2134 4434 sine
2161 4383 2324 4436 (lubio
2350 4385 2409 4437 ὺι
2439 4403 2494 4436 se
2521 4385 2788 4438 oblivione
2815 4385 3036 4440 obrutas
3061 4393 3256 4440 meum

532 4465 811 4519 discenda
870 4466 1049 4536 Quam
1088 4470 1420 4522 sententiam
1460 4470 1812 4538 Augustinus
1851 4471 1908 4524 in
1946 4471 2432 4526 Retraetationum
2471 4475 2630 4527 libris
2667 4476 2880 4542 respuit
2917 4473 2971 4542 (Ι
3007 4477 3081 4542 4).

752 4555 774 4590 ⁸
812 4556 971 4609 Conf.
1012 4557 1067 4610 X
1106 4559 1199 4612 10:
1250 4559 1395 4610 Nam
1444 4577 1565 4610 eum
1614 4577 1677 4610 ea
1722 4559 1924 4626 dv'dv'ei,
1973 4579 2080 4614 mm
2121 4562 2332 4614 credidi
2367 4563 2548 4615 alieno
2583 4564 2754 4628 cordi,
2793 4565 2886 4616 sed
2922 4563 2986 4616 in
3023 4581 3142 4618 meo
3177 4583 3256 4617 rr-

536 4643 763 4709 coynom'
798 4650 845 4696 et
881 4663 1003 4698 rera
1043 4663 1153 4698 esse
1189 4646 1489 4714 adprobari
1524 4652 1572 4699 et
1608 4649 1988 4701 commundat-1⁹
2022 4649 2091 4716 ei,
2129 4655 2405 4718 tamquam
2443 4669 2724 4720 reponens,
2761 4653 2906 4706 unde
2935 4653 3256 4723 proferrem,

536 4747 665 4782 eum-
705 4732 901 4786 rellem.
