3567 5109
1664 230 2058 290 —2—

502 464 580 502 ex
628 438 865 522 quibus
913 460 1047 502 non
1097 438 1345 517 dubito,
1389 439 1547 521 quin
1584 460 1666 503 ne
1708 460 1876 503 unus
1917 439 2201 522 quidem,
2241 439 2365 503 nisi
2403 438 2708 503 Platonis
2749 439 3011 502 nomine
3054 461 3226 503 com-

502 546 847 611 mendatus
894 552 1085 624 esset,
1136 546 1225 609 ad
1268 553 1562 609 nostram
1610 547 1916 610 notitiam
1965 552 2396 629 perventurus
2443 546 2656 609 fuerit.

716 652 1099 735 Antequam
1146 674 1297 716 vero
1348 652 1435 715 ad
1481 675 1613 716 rem
1665 654 2068 735 propositam
2119 652 2531 731 accedamuS,
2580 652 2927 716 dicendum
2974 652 3232 714 videtur

505 782 667 838 esse,
702 780 828 842 quo
859 759 1141 841 primum
1180 765 1471 841 tempore.
1510 759 1579 822 hi
1619 759 1864 841 dialogi
1902 759 2274 823 Alcibiadis
2301 780 2540 823 nomen
2578 761 2648 823 in
2679 760 2890 823 fronte
2931 766 3230 841 gerentes

506 866 699 947 vulgo
758 867 897 929 noti
955 864 1199 929 fuerint
1254 873 1320 929 et
1367 865 1631 929 Platoni
1688 866 1918 929 tributi
1976 866 2126 929 sint.
2220 865 2446 949 Atque
2495 867 2918 949 gravissimus
2967 865 3228 949 quidem

504 974 711 1053 testis,
761 972 1181 1050 Aristotelea
1232 974 1344 1055 qui
1390 972 1589 1035 variis
1625 972 1790 1036 locis
1829 972 2128 1037 Platonis
2169 972 2578 1056 dialogorum
2617 972 2719 1036 vel
2757 973 3230 1037 sententiarum

506 1079 905 1143 mentionem
953 1079 1132 1157 facit,
1184 1078 1263 1142 de
1310 1080 1392 1142 iis
1439 1079 1607 1143 1111111
1654 1080 2006 1143 memoriae
2057 1080 2365 1162 prodidit.
2435 1080 2623 1163 Quae
2663 1101 2786 1158 res,
2831 1100 3230 1161 quamquam

510 1186 776 1251 maximi
823 1194 924 1250 est
970 1187 1301 1265 momenti,
1352 1193 1573 1250 tamen
1618 1207 1753 1249 11011
1805 1192 2058 1250 tantum
2107 1187 2303 1265 valet,
2343 1194 2418 1250 ut
2456 1210 2536 1251 ca
2574 1186 2717 1251 sola
2750 1188 2880 1249 nisi
2918 1186 3023 1249 vel
3057 1186 3232 1249 hunc

512 1294 610 1358 vel
657 1294 841 1358 illum
887 1292 1127 1358 librum
1164 1293 1429 1358 Platoni
1481 1294 1892 1377 abrogemus.
1951 1294 2125 1358 Nam
2164 1293 2578 1374 Aristoteles,
2619 1301 2877 1358 tantum
2917 1294 3123 1373 abest,
3163 1302 3235 1356 ut

511 1402 731 1465 omnia
762 1400 1063 1464 Platonis
1094 1401 1340 1483 scripta
1370 1422 1751 1465 enumerare
1794 1408 1910 1465 aut
1939 1403 2078 1465 eius
2110 1401 2480 1465 doctrinam
2517 1407 2723 1465 totam
2763 1422 3072 1465 enarrare
3113 1400 3234 1463 sibi

513 1494 949 1591 proposuerit,
979 1514 1072 1586 ut,
1113 1507 1225 1570 ubi
1266 1507 1323 1570 ei
1356 1528 1518 1590 opus
1548 1529 1690 1571 esse
1722 1508 2069 1587 videretur,
2101 1508 2405 1572 Platonis
2437 1510 2829 1572 sententiam
2859 1546 2945 1554 —
2974 1507 3233 1599 nomine

518 1615 765 1697 dialogi
812 1614 1007 1679 modo
1058 1614 1308 1693 addit0,
1350 1614 1544 1677 modo
1582 1636 1717 1678 non
1756 1614 1981 1679 addito
2022 1654 2107 1661 -·
2146 1614 2462 1679 attulerit.
2502 1616 2672 1679 Item
2713 1613 3068 1697 disceptari
3103 1634 3240 1677 non

518 1728 734 1803 potest
781 1722 1105 1805 quaestiO,
1152 1743 1311 1786 num
1358 1722 1487 1784 iam
1537 1720 1943 1805 temporibus
1989 1720 2462 1805 Aristophanis
2519 1722 2821 1805 Byzantii
2877 1722 2946 1784 in
3005 1720 3238 1783 biblio-

517 1830 725 1893 thecis
772 1826 1248 1893 Alexandrinis
1294 1826 1684 1891 Alcibiades
1734 1829 1913 1911 prior
1957 1834 2154 1892 notus
2203 1829 2398 1892 suerit
2443 1828 2545 1893 vel
2593 1828 2859 1893 criticus
2906 1826 3014 1891 ille
3063 1827 3236 1890 criti-

520 1958 744 2001 corum
785 1936 960 1999 hunc
999 1935 1333 2018 dialogum
1372 1936 1725 2017 genuinum
1763 1936 2066 2000 Platonis
2107 1936 2304 1999 fuisse
2344 1936 2830 1999 existimaverit.
2907 1936 3239 2018 Diogenes

518 2044 691 2107 enim
740 2042 1067 2121 Laertius,
1129 2043 1231 2106 cui
1282 2043 1349 2105 in
1396 2042 1529 2108 vit.
1580 2042 1815 2125 philos.
1862 2042 1901 2106 l.
1951 2042 2063 2106 III
2111 2046 2192 2107 61
2253 2043 2424 2107 hanc
2479 2043 2858 2108 memoriam
2908 2041 3240 2119 debemuS,

516 2149 1035 2232 Aristophanem
1109 2148 1310 2212 libros
1384 2149 1684 2215 Platonis
1758 2150 1826 2212 in
1902 2150 2188 2233 quinque
2264 2150 2562 2232 trilogias
2638 2149 2982 2231 digessisse
3060 2148 3237 2212 dicit.

519 2258 927 2339 Magnopere
968 2262 1067 2319 est
1106 2255 1459 2320 dolendum
1500 2256 1720 2335 libros,
1763 2278 1929 2339 quos
1968 2257 2234 2321 criticus
2269 2256 2377 2320 ille
2423 2260 2615 2335 „xaB’
2657 2261 2725 2321 ἓν
2761 2260 2868 2321 καὶ
2914 2259 3235 2326 ἀτάκτως“

520 2363 761 2447 posuit,
818 2384 954 2426 non
1007 2362 1395 2427 nominatim
1449 2363 1731 2427 traditos
1790 2384 1950 2427 esse.
2011 2362 2146 2427 Sed
2181 2362 2602 2428 Alcibiadem
2641 2362 2944 2445 priorem,
2982 2363 3240 2427 etiamsi

522 2470 606 2535 ab
645 2468 1095 2552 Aristophane
1143 2469 1498 2551 genuinum
1548 2469 1883 2553 dialogum
1921 2492 2060 2533 esse
2101 2470 2542 2534 existimatum
2582 2476 2933 2549 consta-ret,
2975 2470 3058 2533 ob
3098 2490 3243 2533 eam

524 2576 734 2642 solam
783 2598 1051 2641 causam
1100 2577 1237 2639 sine
1289 2574 1489 2639 dubio
1540 2598 1581 2639 a
1628 2576 1912 2641 Platone
1963 2576 2405 2660 conscriptum
2453 2598 2591 2641 esse
2643 2576 2856 2640 dicere
2913 2597 3048 2639 non
3095 2596 3245 2659 pos-

523 2708 767 2764 semus;
818 2706 973 2749 nam
1022 2684 1088 2749 in
1134 2683 1264 2746 illis
1314 2684 1599 2767 quinque.
1649 2684 1929 2767 trilogiis
1976 2684 2394 2749 inveniuntur
2431 2683 2580 2747 libri
2617 2690 2692 2747 ut
2727 2684 2947 2747 Minos
2987 2689 3052 2747 et
3085 2682 3245 2766 Epi-

524 2794 757 2871 11011113,
809 2812 973 2874 quos
1021 2790 1279 2873 spurios
1318 2812 1457 2853 esse
1496 2812 1688 2855 nemo
1729 2791 1925 2855 hodie
1965 2796 2193 2873 negat;
2243 2813 2397 2855 nam
2438 2812 2567 2875 quo
2604 2797 2898 2873 tempore
2941 2790 3242 2854 conditae

526 2906 680 2963 sunt
726 2898 879 2962 illae
930 2896 1393 2976 bibliothecae,
1450 2898 1581 2961 iam
1641 2898 1900 2980 spurios
1953 2896 2158 2961 libros
2216 2904 2552 2980 coemptos
2608 2904 2673 2961 et
2728 2918 2770 2960 a
2825 2897 2977 2960 viris
3035 2896 3246 2960 doctis

524 3016 867 3089 tamquam
933 3006 1252 3087 genuinos
1320 3010 1615 3087 arreptos
1682 3027 1824 3069 esse
1874 3004 2208 3071 (3131311113ι
2264 3006 2454 3069 testis
2509 3010 2634 3085 est3
2702 3005 2772 3069 id
2825 3009 3084 3069 tantum
3139 3024 3246 3067 ex-

526 3113 858 3197 ploratum
924 3112 1313 3176 haberemus
1376 3110 1487 3175 illa
1555 3112 1689 3175 iam
1755 3118 1974 3176 aetate
2042 3109 2460 3175 Alcibiadem
2527 3110 2880 3192 genuinum
2945 3110 3248 3175 Platonis

530 3219 861 3301 dialogum
926 3218 1223 3281 habitum
1290 3238 1449 3281 esse.
1559 3218 1736 3281 Num
1793 3216 2244 3301 Dercyllides²
2305 3217 2671 3299 tetralogiis
2736 3216 2884 3296 illis,
2951 3218 3020 3281 in
3085 3238 3249 3301 quas

528 3325 827 3391 Platonis
876 3326 1145 3407 scripta·
1172 3324 1522 3403 distribuit,
1574 3326 1771 3388 etiam
1810 3324 2228 3389 Alcibiadem
2278 3324 2656 3407 complexus
2693 3326 2798 3403 sit,
2835 3346 2916 3388 ne
2958 3304 3248 3389 divinare

532 3433 794 3517 quidem
824 3431 998 3511 licet,
1031 3453 1175 3495 cum
1218 3432 1297 3497 de
1338 3432 1651 3497 divisione
1692 3453 1773 3495 ne-
1811 3432 2142 3496 tantulum
2185 3432 2446 3515 quidem
2484 3433 2786 3495 sciamus
2835 3430 3252 3517 Thrasyllum

532 3542 792 3605 demum
838 3538 1261 3603 Alcibiadem
1308 3546 1373 3601 et
1422 3540 1705 3621 priorem
1751 3546 1818 3603 et
1863 3540 2142 3604 alterum
2189 3542 2258 3603 in
2303 3560 2573 3603 numero
2622 3540 3051 3621 genuinorum
3096 3538 3253 3603 Pla-

532 3646 706 3711 tonis
737 3646 1129 3728 scriptorum
1165 3646 1495 3723 habuisse,
1537 3666 1616 3709 ex
1642 3646 1963 3727 Diogenis
1992 3646 2068 3713 L.
2099 3647 2141 3710 1.
2173 3647 2284 3710 ΠΙ
2315 3649 2400 3711 56
2429 3646 2663 3723 elucet,
2698 3667 2891 3729 quem
2926 3644 3254 3710 indicibus

532 3752 975 3817 bibliothecae
1022 3751 1518 3815 Alexandrinae-
1579 3773 1765 3815 usum
1825 3774 1966 3815 esse
2015 3754 2144 3815 veri
2196 3752 2402 3815 simile
2453 3773 2594 3815 esse
2640 3758 2832 3835 putat
2876 3752 3255 3815 Fridericus

756 3997 773 4031 ¹
811 3998 883 4051 ad
931 3998 1201 4067 Hippocr.
1250 4000 1317 4051 de
1364 4004 1476 4051 nat.
1517 4000 1665 4051 hom.
1706 3998 1735 4051 Ι
1782 3999 1878 4051 42:
1937 4000 2079 4065 πρὶν
2125 4000 2245 4067 γὰρ
2291 4001 2432 4067 τοὺς
2476 4000 2547 4051 ἐν
2595 3996 3006 4067 Ἀλεξανδρείᾳ
3050 4015 3118 4051 τε
3161 3998 3255 4050 καί

538 4091 836 4159 Περγάμῳ
873 4090 1161 4157 γενέσθαι
1195 4090 1466 4159 βασιλεῖς
1503 4091 1602 4143 ἐπὶ
1642 4090 1838 4156 κτήσει
1880 4089 2128 4158 βιβλίων
2166 4088 2682 4155 φιλοτιμηθέντας,
2728 4086 2972 4141 οὐδέπω
3009 4084 3258 4157 ψευδῶς

534 4180 963 4247 ἐπεγέγραπτο
1002 4180 1375 4247 σύγγραμμα,
1410 4180 1738 4249 λαμβάνειν
1776 4176 1834 4231 δ’
1867 4178 2219 4248 ἀρξαμένων
2249 4178 2469 4244 μισθὸν
2505 4183 2628 4229 τῶν
2665 4178 3030 4244 κομιζόντων
3059 4180 3260 4244 αὐτοῖς

458 4266 469 4275 “
538 4272 894 4337 σύγγραμμα
924 4268 1191 4321 παλαιοῦ
1226 4284 1390 4335 τινος
1427 4265 1671 4337 ἀνδρὸς,
1718 4270 1876 4321 οὕτω
1877 4285 1914 4335 ς
1961 4266 2068 4335 ἤδη
2113 4266 2320 4319 πολλὰ
2355 4264 2604 4333 ψευδῶς
2639 4267 3091 4334 ἐπιγράφοντες
3126 4266 3258 4319 ἐκό-

533 4360 723 4425 μιζον.
773 4354 931 4407 Cous.
973 4355 1031 4407 G.
1064 4354 1155 4408 Fr.
1184 4356 1493 4423 Hermann,
1532 4354 1872 4407 Geschiehte
1911 4355 2026 4407 und
2065 4353 2286 4420 system
2325 4352 2424 4406 der
2460 4353 2860 4406 Platonischen
2898 4352 3258 4421 Philosophio

540 4465 590 4513 p.
621 4447 727 4499 575
766 4444 891 4497 adn.
925 4444 1046 4513 126,
1084 4446 1323 4499 Suckow
1360 4463 1413 4513 p.
1450 4446 1549 4499 163
1588 4444 1713 4497 adn.
1744 4446 1796 4512 2,
1837 4444 1927 4497 Fr.
1967 4428 2242 4511 s'berweg
2281 4462 2333 4511 p.
2369 4444 2484 4497 183.

757 4550 781 4585 ²
815 4552 1011 4605 Albini
1060 4552 1359 4621 εἰςαγωγὴ
1405 4556 1495 4621 εἰς
1538 4555 1681 4621 τοὺς
1729 4552 2060 4619 Πλάτωνος
2105 4550 2430 4619 διαλόγους
2476 4569 2521 4601 (ε.
2563 4548 2677 4601 IV:
2734 4552 2847 4603 εἰσὶ
2892 4548 2966 4603 δὲ
3009 4552 3074 4603 οἱ·
3109 4551 3258 4603 κατὰ

539 4642 935 4709 τετραλογίαν
972 4640 1279 4709 διελύντες
1316 4644 1533 4710 αὐτοὺς
1570 4644 1667 4695 καὶ
1700 4644 1972 4694 τάττουσι
2015 4640 2261 4707 πρώτην
2303 4680 2312 4692 .
2355 4680 2368 4693 .
2408 4680 2420 4694 .
2461 4680 2472 4693 .
2511 4640 2728 4707 ταύτης
2771 4646 2878 4707 τῆς
2924 4639 3106 4708 δόξης
3149 4640 3262 4692 εἰσὶ

542 4727 939 4797 Δερκυλλίδης
978 4732 1069 4783 καὶ
1110 4731 1461 4799 θράσυλλος
1508 4729 1652 4783 conf.
1694 4730 1922 4781 Christii
1966 4730 2168 4781 librum
2218 4728 2600 4781 ‘Platonisehe
2641 4726 2902 4779 Studien'
2953 4746 3005 4795 p.
3037 4728 3070 4781 5
3107 4743 3260 4794 seqq.
