3567 5109
1695 235 2181 299 —136—

787 447 1138 531 Reliquum
1169 455 1287 528 est,
1318 455 1393 513 ut
1413 447 1658 513 addam
1687 447 1797 512 hic
1826 447 1964 513 illic
1994 467 2279 531 genera
2306 445 2645 524 fluctuare,
2675 466 2843 529 quae
2870 466 2975 510 res
2996 443 3327 509 omnibus

570 554 977 640 temporibus
1006 563 1073 619 et
1099 555 1168 619 in
1189 555 1489 620 omnibus
1517 554 1762 638 linguis
1792 577 1912 619 usu
1935 556 2132 634 venit,
2156 555 2466 638 quoniam
2495 574 2738 638 genera
2768 552 3159 638 plerumque
3176 571 3327 614 usu

572 669 852 747 tyranno
874 682 1084 745 eoque
1115 661 1242 726 sibi
1270 682 1403 726 non
1425 662 1777 740 constanti,
1809 682 1947 726 non
1974 660 2195 744 logica
2216 660 2502 742 quadam
2528 661 2787 725 ratione
2816 663 3319 743 temperantur:

575 792 632 834 v.
663 767 732 834 A
759 769 883 835 inc.
913 767 998 853 fg.
1037 768 1379 834 XXXIX
1415 771 1604 834 alc-us
1640 789 1861 848 masc„
1901 768 1967 833 A
1990 770 2139 848 297,
2176 771 2305 833 323
2342 770 2561 834 amnis
2588 767 2766 846 fem„
2802 764 3023 832 A302
3060 767 3321 831 collum

567 877 890 961 yraveml,
935 874 1151 942 A577
1199 877 1364 960 finis
1410 874 1577 955 fem„
1626 875 1845 942 A390
1886 878 2070 960 ydus
2116 896 2333 953 masc,
2378 873 2596 940 A666
2646 877 2814 940 latex
2860 873 3027 952 fem„
3086 872 3314 936 P252

571 1005 802 1068 specus
853 982 1030 1062 fem.·,
1086 982 1270 1061 1³52,
1317 985 1441 1047 421
1500 983 1704 1068 stirps
1761 1003 1957 1048 masc.
2008 986 2107 1064 (at
2153 981 2392 1060 A596,
2440 983 2567 1047 643
2614 979 2816 1064 fem),
2873 980 3115 1058 A288,
3166 978 3311 1042 348

573 1091 809 1174 vulqus
845 1109 1044 1155 masc.
1091 1088 1315 1155 Nonio
1365 1095 1585 1154 autem
1625 1087 1875 1166 diffido,
1925 1109 2071 1152 cum
2107 1087 2389 1153 Accium
2434 1094 2646 1154 eastra
2690 1087 3010 1152 feminino
3058 1104 3313 1169 genere

576 1196 918 1279 scripsisse
967 1194 1125 1260 dicit
1159 1194 1229 1261 A
1261 1217 1360 1280 pr.
1396 1198 1478 1261 16
1524 1202 1738 1261 eastra
1781 1197 1935 1260 haec
1980 1201 2191 1260 vestra
2235 1201 2343 1260 est.
2408 1195 2598 1260 Neue
2640 1193 2901 1278 quidem
2948 1193 3025 1259 1³
3060 1193 3189 1258 677
3226 1190 3310 1254 id

575 1302 702 1368 sibi
739 1303 1072 1387 persuasit
1107 1301 1274 1368 haec
1311 1309 1654 1386 reputans:
1703 1301 1958 1365 ‘Wenn
1997 1301 2167 1366 auch
2206 1300 2315 1366 die
2354 1301 2792 1386 angefiihrten
2816 1299 3056 1365 Worte
3084 1305 3309 1364 eastra

495 1395 502 1403 ⁸
571 1411 724 1476 haec
751 1416 964 1476 vestra
987 1415 1100 1490 est,
1122 1409 1326 1474 woffir
1347 1408 1645 1474 Ribbeck
1666 1408 1837 1474 ohne
1862 1407 2097 1474 Grund
2130 1417 2413 1474 vestrum
2442 1407 2748 1488 schreibt,
2778 1407 2883 1472 fiir
2903 1407 3024 1473 das
3042 1407 3311 1472 Femin.

572 1515 760 1582 nicht
795 1514 1160 1599 unbedingt
1185 1515 1553 1581 beweisend
1582 1516 1750 1594 sind,
1792 1515 2011 1580 indem
2040 1517 2191 1580 haec
2220 1515 2359 1580 sich
2399 1515 2518 1580 auf
2540 1515 2648 1579 ein
2675 1535 3305 1598 vorangegangenes

570 1623 835 1688 Nomen
872 1622 1054 1706 Sing.
1097 1622 1387 1706 bezogen
1423 1621 1645 1687 haben
1681 1623 1879 1702 kann,
1928 1643 2000 1686 so
2040 1630 2301 1688 miissen
2338 1623 2453 1686 wir
2478 1621 2741 1688 Nonius
2778 1622 2946 1687 doch
2986 1619 3307 1688 Glauben

574 1728 924 1806 schenken,
957 1750 1147 1793 wenn
1181 1749 1335 1793 man
1373 1729 1480 1794 die
1519 1729 1758 1794 beiden
1792 1727 2259 1796 Casusformen
2294 1736 2539 1794 cast-rae
2575 1729 2713 1794 und
2747 1736 2993 1794 castras
3032 1733 3303 1810 erwagt,

574 1836 816 1901 welche
874 1835 992 1900 der
1044 1835 1856 1920 Pentateuchpalimpsest
1909 1857 2039 1900 von
2093 1834 2469 1919 VViirzburg
2522 1834 2729 1920 (Itala
2782 1835 2996 1901 Exod.
3054 1836 3161 1914 32,
3216 1837 3301 1900 19

573 1943 738 2010 Dat.
785 1945 1058 2026 caetrae)
1113 1941 1252 2007 und
1297 1943 1415 2007 der
1459 1941 1932 2024 Epistelcodex
1978 1964 2105 2007 von
2152 1941 2491 2008 Clermont
2544 1942 2751 2026 (Itala
2796 1941 3007 2008 Hebr.
3057 1945 3161 2022 11,
3212 1943 3301 2006 34

576 2049 739 2116 Acc.
787 2042 1062 2134 castras)
1103 2049 1496 2115 darbieten’.
1549 2047 1684 2114 Sed
1721 2048 1936 2114 Italae
1976 2048 2140 2114 locis
2177 2049 2248 2114 id
2284 2048 2494 2114 solum
2533 2050 2971 2115 demonstrari
3010 2049 3307 2114 arbitror

573 2157 706 2222 illis
753 2155 1158 2241 temporibus
1193 2157 1330 2220 iam
1368 2155 1598 2221 turbas
1636 2157 1802 2220 istas
1840 2158 2153 2240 coepisse,
2205 2156 2443 2240 quibus
2478 2163 2715 2241 postea
2750 2177 2957 2241 genus
2991 2163 3301 2222 neutrum

573 2264 774 2350 plane
821 2264 1092 2329 interiit.
1140 2263 1306 2330 Cum
1355 2284 1437 2327 ne
1487 2269 1714 2328 auctor
1761 2262 1916 2327 belli
1955 2263 2419 2347 Hispaniensis
2468 2263 2754 2347 quidem,
2804 2265 2915 2347 qui
2962 2263 3173 2329 mult-a
3218 2285 3301 2328 ex

575 2392 874 2436 sermone
937 2370 1196 2454 plebeio
1263 2371 1560 2453 sumpsit,
1625 2371 1799 2434 hunc
1864 2368 2321 2435 soloecismum
2386 2371 2803 2450 commiserit,
2870 2370 3081 2435 Accio
3148 2391 3301 2435 eum

577 2478 867 2544 tribuere
925 2478 1281 2543 admodum
1327 2498 1570 2543 vereor.
1653 2477 2012 2542 Praeterea
2058 2477 2267 2542 Nonii
2322 2477 2636 2543 lemmata
2689 2499 2825 2543 non
2878 2478 3101 2562 magni
3156 2499 3301 2542 esse

577 2584 886 2651 facienda
933 2589 1212 2649 constat.
1259 2583 1500 2648 Nonne
1548 2583 1743 2662 idem,
1795 2605 1941 2648 cum
1990 2585 2324 2667 genetivos
2370 2583 2463 2648 II.
2515 2584 2973 2650 declinationis
3020 2586 3093 2650 in
3141 2608 3296 2650 -um

575 2693 890 2758 cadentes
939 2683 1175 2770 adfert,
1219 2691 1291 2754 in
1334 2689 1640 2755 lemmate
1688 2691 2076 2773 pronuntiat
2132 2693 2219 2775 (p.
2261 2694 2408 2770 495,
2456 2693 2523 2774 6)
2578 2693 2986 2758 acmtsativus
3028 2693 3303 2757 numeri

567 2789 936 2885 'sinqulavis
981 2800 1242 2884 positus
1285 2819 1414 2884 pro
1462 2799 1753 2882 yenete'vo
1798 2799 2097 2884 plurali?
2194 2797 2266 2864 Si
2325 2799 2469 2881 quis
2524 2819 2676 2863 vero
2743 2820 2846 2864 me
2900 2800 3292 2882 interroget:

575 2907 786 2974 ‘Num
826 2904 984 2988 quid
1022 2925 1180 2987 ergo
1219 2911 1477 2968 mutare
1513 2902 1704 2983 vis‘?',
1742 2904 2207 2988 respondeam:
2252 2904 2466 2969 ‘Nihil
2504 2904 2845 2988 equidem)
2895 2905 3091 2972 Certe
3122 2906 3295 2970 enim

573 3012 764 3078 locus
809 3012 912 3077 ita
959 3015 1382 3094 comparatus
1429 3009 1573 3089 fuit,
1624 3017 1697 3075 ut
1743 3010 1996 3075 homini
2046 3009 2406 3076 semidocto
2447 3017 2513 3076 et
2551 3010 2767 3076 obiter
2799 3010 3045 3095 legenti
3082 3018 3297 3077 castra

577 3119 724 3186 fem.
773 3139 1012 3202 genere
1060 3117 1242 3182 dicta
1289 3137 1433 3182 esse
1477 3115 1688 3181 videri
1736 3118 2097 3201 potuerint.
2167 3117 2403 3202 Neque
2449 3139 2816 3202 pronomen
2858 3120 3011 3184 haec
3056 3139 3098 3182 a
3145 3117 3296 3182 sub-

575 3225 866 3291 stantivo
914 3229 1128 3289 castra
1174 3221 1482 3288 divellam
1531 3229 1598 3288 et
1643 3224 1731 3288 ad
1775 3224 2176 3308 praecedens
2214 3223 2553 3307 quoddam
2601 3246 2841 3290 nomen
2878 3225 3177 3304 referam,
3226 3224 3295 3289 id

579 3331 756 3416 quod
801 3331 993 3395 Neue
1039 3330 1270 3410 voluit,
1321 3331 1478 3413 quia
1523 3332 1658 3394 veri
1707 3330 2115 3395 simillimum
2161 3336 2262 3395 est
2306 3330 2408 3396 his
2446 3330 2659 3396 verbis
2698 3331 3038 3396 consulem
3074 3337 3297 3414 castra

578 3443 779 3522 capta
819 3435 1218 3502 Samnitium
1257 3437 1485 3501 amicis
1522 3437 1738 3516 Decii,
1788 3458 2063 3520 quorum
2103 3437 2375 3502 cohorte
2415 3437 2699 3521 stipatus
2737 3437 2847 3502 hic
2883 3436 3299 3521 praeclarum

575 3544 743 3610 illud
799 3543 1056 3608 facinus
1113 3542 1433 3622 ediderat,
1488 3543 1661 3608 dono
1719 3541 1982 3608 dedisse
1998 3545 2038 3610 ².
2120 3545 2220 3608 At
2270 3543 2436 3608 haec
2483 3543 2860 3628 explicandi
2908 3545 3014 3609 via
3062 3545 3297 3629 opinor

574 3650 772 3717 nobis
817 3655 1030 3734 patet:
1079 3657 1290 3714 vestra
1334 3671 1472 3715 non
1519 3648 1607 3714 ad
1645 3657 1878 3728 eastra,
1929 3651 2045 3715 sed
2084 3651 2172 3716 ad
2210 3650 2691 3715 substantivum
2728 3652 2979 3734 (potius
3016 3671 3299 3734 sequens

579 3779 780 3842 quam
827 3754 1254 3840 antecedens)
1301 3755 1828 3840 praedicativum
1875 3756 2019 3822 fem.
2068 3758 2325 3840 generis
2382 3764 2679 3842 spectare
2726 3763 2794 3822 et
2837 3765 3110 3842 propter
3156 3759 3297 3823 eius

577 3866 706 3930 vim
743 3862 1249 3945 liberioremque
1291 3862 1797 3928 collocationem
1836 3861 2139 3947 copulam
2176 3885 2294 3947 pro
2332 3885 2602 3928 numero
2642 3863 2919 3929 subiecti
2956 3885 3299 3929 numerum

576 3970 947 4055 praedicati
988 3975 1280 4034 secutam
1305 3989 1448 4033 esse
1477 3971 1590 4048 ita,
1629 3976 1704 4034 ut
1731 3968 1916 4034 locus
1954 3969 2129 4034 hunc
2167 3970 2301 4035 fere
2329 3971 2399 4034 in
2429 3969 2693 4035 modum
2720 3971 3296 4054 interpretandus⁸

579 4077 693 4142 sit:
742 4083 956 4141 eastra
1001 4077 1152 4140 haec
1195 4082 1408 4140 vestra
1453 4081 1546 4140 est
1589 4077 1837 4159 <tantae
1887 4077 2149 4140 virtutis
2193 4078 2468 4161 adoria).
2564 4075 2731 4141 Inde
2778 4077 2987 4142 Nonii
3036 4098 3297 4162 quoque

577 4204 779 4262 error,
831 4182 944 4266 qui
989 4181 1357 4264 praedicati
1395 4187 1618 4267 partes
1655 4202 1776 4265 pro
1816 4181 2232 4265 appositione
2270 4183 2519 4262 habuit,
2564 4181 2876 4248 facillime
2914 4183 3300 4267 explicatur.

797 4374 816 4409 ²
853 4374 968 4428 Hoc
987 4375 1183 4428 collum
1205 4392 1384 4444 neque
1404 4375 1637 4429 Plautus
1658 4378 1819 4431 novit
1837 4393 2014 4445 neque
2046 4378 2336 4446 quisquam
2367 4383 2493 4433 ante
2525 4377 2849 4432 Ciceronem
2879 4383 2935 4432 et
2966 4377 3297 4448 Varronem,

581 4465 676 4533 qui
715 4462 1022 4516 masculino
1061 4481 1173 4517 non
1211 4464 1479 4533 abstinet3
1523 4465 1593 4518 cf.
1633 4465 1759 4518 adn.
1799 4465 2003 4520 Leonis
2043 4465 2111 4518 ad
2152 4465 2298 4520 Rud.
2336 4484 2390 4520 v·
2430 4467 2550 4521 888.

796 4551 819 4584 ²
852 4551 1108 4605 Ribbeck
1147 4551 1338 4606 ‘Rem
1377 4553 1682 4620 Tragodie'
1719 4572 1774 4622 p.
1805 4555 1926 4608 598.

794 4637 816 4673 ³
853 4637 984 4692 Non
1017 4639 1419 4709 restituendu33
1461 4657 1590 4694 nam
1629 4659 1756 4694 cum
1796 4642 1863 4696 de
1903 4647 2084 4695 metro
2122 4660 2233 4696 non
2273 4649 2506 4712 constet,
2546 4661 2770 4698 versum
2806 4644 3078 4714 refingere
3109 4647 3296 4699 conari

576 4728 828 4782 otiosum
869 4731 970 4779 est.
