3567 5109
1598 361 2073 426 —154—

489 554 952 633 amplificandi
980 561 1045 615 et
1078 554 1429 616 minuendi
1464 554 1951 633 disputavisse.
1988 553 2131 624 Qua
2168 571 2251 615 ex
2286 561 2479 632 parte
2511 553 2729 616 Iulius
2777 553 3190 616 Severianus

487 678 580 734 ea,
629 678 803 738 quae
850 659 1379 721 de'extollendo
1445 664 1512 720 et
1558 657 1933 720 minuendo
1981 656 2191 719 habet
2249 658 2341 737 (p.
2389 663 2511 719 368
2535 659 2684 738 sq.),
2734 662 2802 720 in
2852 665 3054 738 caput
3102 657 3187 718 de

487 763 871 826 adfectibus
921 763 1392 841 conscriptum
1430 761 1709 824 videtur
1753 761 2213 824 transtulisse.
2263 763 2497 842 Neque
2529 766 2711 825 enim
2742 761 3187 840 intellegitur,

489 868 654 946 quid
701 868 932 930 valeat
1000 869 1285 947 ‘species
1332 867 1709 929 minuendi*
1774 867 1843 928 in
1892 865 2278 928 adfectibus
2327 867 2779 929 concitandis.
2858 866 3189 928 Fortasse

485 975 700 1052 igitur
747 971 1010 1048 Celsus,
1054 973 1174 1034 ubi
1210 972 1294 1034 de
1342 970 1728 1034 adfectibus
1759 971 1921 1050 egit,
1954 969 2284 1034 lectorem
2318 971 2402 1034 ad
2436 974 2618 1034 hunc
2647 973 2875 1035 locum
2906 988 3187 1034 revoca-

486 1085 698 1140 verat.
756 1077 900 1140 Iam
949 1094 1118 1138 vero
1164 1076 1322 1137 Iulii
1377 1074 1735 1139 Severiani
1781 1076 2016 1138 verbis
2066 1075 2159 1155 (p.
2211 1081 2352 1152 369,
2401 1076 2549 1154 25):
2620 1071 2908 1137 Contra
2952 1073 3190 1156 species

485 1175 818 1241 minuendi
862 1187 950 1240 eat
1005 1199 1100 1257 ea,
1148 1197 1321 1259 quae
1370 1179 1454 1242 de
1503 1179 1754 1242 Isidori
1807 1180 2204 1242 enuntiato:
2254 1176 2433 1240 Huic-
2478 1179 2813 1241 contraria
2856 1176 3060 1241 virtus
3098 1186 3189 1238 est

488 1281 692 1345 verbis
720 1284 1018 1358 minuere,
1053 1304 1214 1370 quae
1259 1291 1500 1344 natura
1539 1304 1659 1345 sua
1689 1303 1926 1367 maqna
1971 1291 2119 1345 aunt
2154 1287 2247 1366 (p.
2294 1289 2439 1362 517,
2495 1293 2567 1348 13
2593 1285 2747 1366 sq.),
2794 1285 3187 1360 diximus1).

486 1391 664 1453 bene
721 1389 1263 1452 confirmantur:
1323 1391 1443 1468 qui
1497 1389 1618 1451 illa
1663 1388 1883 1451 verba
1941 1408 2025 1451 ex
2075 1395 2362 1454 auctore
2408 1407 2553 1466 suo,
2602 1391 2721 1470 qui
2770 1397 2874 1454 est
2921 1389 3187 1466 CelsuS,

487 1495 802 1575 sumpsit.
853 1493 1487 1575 Amplificationem
1536 1493 1903 1558 Cornelius
1951 1495 2021 1556 in
2074 1500 2401 1575 quattuor
2431 1496 2546 1558 illa
2578 1513 2836 1575 genera
2869 1496 3189 1557 divisisse

485 1599 782 1676 videtur,
824 1616 1002 1677 quae
1035 1598 1502 1670 Quintilianus
1535 1598 1903 1678 proposuit
1944 1600 2050 1661 his
2097 1600 2335 1663 verbis
2368 1599 2557 1678 (VIII
2606 1607 2665 1672 4,
2716 1600 2821 1678 3):
2875 1595 3189 1668 Quattuor

485 1712 692 1764 tamen
711 1701 988 1763 mamime
1014 1699 1345 1786 yeneribua
1363 1699 1544 1764 video
1569 1709 1853 1764 constare
1884 1700 2478 1788 amplficationemz·
2512 1703 2904 1781 incrementO,
2936 1725 3183 1786 compa-

485 1807 754 1883 ratione,
817 1804 1322 1880 ratiocinatione,
1387 1807 1687 1888 conqert'e.
1771 1809 1939 1870 Nam
1988 1827 2079 1885 ea,
2146 1827 2321 1888 quae
2384 1809 2640 1872 Fabius
2707 1809 2793 1872 de
2858 1808 3185 1888 congerie

486 1914 706 1989 habet,
753 1913 839 1975 ad
883 1914 1172 1975 verbum
1205 1911 1352 1975 fere
1384 1916 1831 1976 consentiunt
1865 1932 2018 1976 cum
2051 1915 2228 1978 Iulio
2262 1915 2649 1978 Severiano.
2699 1915 2941 1976 Nonne
2975 1915 3187 1993 igitur

489 2021 635 2082 veri
668 2019 887 2080 simile
936 2023 1038 2078 est
1081 2035 1239 2079 eum
1286 2019 1490 2079 etiam
1538 2035 1637 2095 ea,
1685 2035 1865 2096 quae
1923 2019 2007 2080 de
2056 2021 2320 2094 ceteris,
2378 2019 2463 2080 de
2509 2021 2955 2094 incremento,
3005 2037 3183 2081 com-

491 2123 869 2205 paratione,
917 2123 1465 2193 ratiocinatione.
1499 2122 1748 2199 adfert,
1779 2140 2097 2202 magnam
2145 2131 2415 2203 partem
2465 2141 2549 2186 ex
2598 2122 2841 2185 eodem
2900 2129 3185 2186 auctore

489 2230 816 2306 hausisse,
873 2230 1278 2308 praesertim
1337 2245 1491 2290 cum
1541 2227 1772 2291 omnia
1828 2229 1976 2290 fere
2024 2229 2359 2308 exempla,
2409 2229 2663 2308 quibus
2710 2247 2822 2292 res
2869 2230 3184 2304 illustrat,

489 2335 628 2396 sint
674 2334 960 2396 Latina?
1012 2332 1206 2396 Adde
1255 2333 1444 2411 quod
1476 2332 1942 2404 Quintilianus
1991 2332 2142 2412 ipse
2175 2333 2410 2395 verbis
2460 2329 2637 2394 video
2684 2341 2963 2394 constare
2995 2333 3182 2396 illam

489 2439 900 2502 divisionem
947 2437 1033 2499 ad
1078 2437 1340 2500 fontem
1387 2436 1662 2499 videtur
1707 2436 1992 2500 referre.

697 2542 984 2604 Multum
1063 2549 1298 2604 nostra
1374 2542 1741 2604 interesset
1817 2544 2014 2617 scire,
2091 2559 2227 2620 qua
2305 2560 2379 2604 re
2456 2541 2793 2605 adductus
2868 2541 3185 2606 Isidorus

488 2647 813 2710 adiecerit
867 2646 980 2708 illa
1033 2645 1277 2708 verba:
1345 2643 1512 2706 Huic
1570 2665 1696 2705 non
1741 2646 1824 2706 ,9ἱί
1868 2645 2023 2706 satis
2068 2643 2295 2720 videre,
2344 2643 2501 2730 quid
2544 2643 2717 2706 dicat
2750 2694 2896 2721 .....
2942 2646 3076 2706 nisi
3116 2644 3187 2708 id

487 2748 652 2836 quod
695 2747 868 2812 dicat
921 2758 979 2810 et
1005 2750 1225 2834 facete
1270 2747 1460 2814 dicat.
1527 2751 1710 2813 Fieri
1762 2752 2042 2830 quidem
2091 2753 2335 2830 potuit,
2391 2757 2465 2813 ut
2520 2756 2888 2832 episcopus
2938 2753 3184 2832 Hispa·

486 2857 700 2920 lensis
746 2856 1024 2936 aliquid,
1073 2856 1262 2935 quod
1295 2855 1538 2918 Celsus
1586 2858 1787 2935 quasi
1834 2859 2262 2935 praeteriens
2309 2856 2685 2932 addiderat,
2733 2857 3073 2936 arriperet
3118 2866 3185 2920 et

487 2961 932 3036 adscriberet,
989 2961 1177 3040 quod
1224 2960 1539 3041 profecto
1589 2979 1726 3023 non
1774 2959 2103 3024 abhorret
2167 2960 2250 3024 ab
2298 2963 2447 3023 eius
2494 2961 2842 3024 scribendi
2891 2965 3181 3026 ratione.

486 3065 623 3128 Sed
671 3065 1067 3128 Cornelium
1115 3065 1246 3126 hoc
1292 3067 1445 3127 loco
1473 3064 1768 3149 faceta-2101
1814 3071 2145 3127 tractasse
2192 3083 2355 3127 sane
2400 3071 2633 3144 potest
2681 3067 2993 3145 cogitari.

677 3171 895 3242 Quem
967 3170 1052 3232 de
1114 3170 1622 3249 compositione
1683 3171 1909 3249 egisse
1967 3176 2170 3249 atque
2232 3168 2729 3241 Quintilianum
2796 3172 2865 3232 in
2942 3172 3181 3234 eadem

484 3294 559 3338 re
624 3276 976 3338 tractanda
1041 3275 1186 3337 eius
1255 3274 1728 3354 disputatione
1795 3293 1947 3337 esse
2011 3293 2215 3338 usum
2280 3293 2365 3336 ex
2432 3275 2535 3352 iia,
2603 3294 2777 3354 quae
2842 3294 3049 3356 supra
3097 3276 3183 3338 de

485 3381 740 3442 Isidori
803 3380 1025 3459 capite
1091 3379 1262 3443 XIX.
1313 3387 1380 3442 et
1444 3379 1528 3442 de
1586 3379 1835 3459 Aquila
1900 3380 2389 3461 scripsimus2),
2454 3379 2623 3440 mihi
2690 3387 2958 3443 constat
3012 3379 3180 3444 fere.

487 3485 639 3546 Hoc
686 3486 839 3546 loco
888 3483 1055 3544 haec
1106 3484 1430 3546 adiciam:
1483 3484 1590 3545 Ex
1640 3483 2031 3562 fragmento
2080 3490 2180 3546 21.
2233 3501 2403 3558 eum,
2438 3483 2556 3562 qui
2588 3485 2856 3547 numeri
2888 3485 3183 3564 singulis

485 3589 816 3652 orationis
863 3589 1174 3667 partibus
1238 3589 1535 3650 maxime
1583 3591 2059 3666 convenirent,
2128 3589 2294 3650 satis
2343 3595 2663 3652 accurate
2730 3589 3069 3652 indicasse
3113 3595 3184 3651 et

485 3694 818 3773 exemplis
881 3694 1268 3756 illustrasse
1316 3693 1592 3772 colligo.
1659 3693 1891 3764 Quare
1960 3695 2191 3756 nescio
2260 3711 2347 3755 an
2403 3692 2659 3755 Fabius
2704 3711 2962 3769 eorum,
3011 3711 3183 3773 quae

483 3799 668 3878 apud
725 3797 1126 3860 Ciceronem
1183 3817 1322 3861 non
1375 3798 1846 3874 inveniuntur,
1904 3815 2217 3882 magnam
2276 3805 2538 3876 partem
2594 3797 2691 3888 ab¹
2737 3798 2857 3861 illo
2906 3799 2996 3860 sit
3041 3816 3183 3859 mu-

483 3909 732 3965 tuatus
807 3902 1016 3964 Recte
1082 3904 1260 3963 enim
1319 3902 1765 3964 Morawskius
1832 3903 1919 3980 (p.
1971 3887 2111 3979 ⁶20)¹
2143 3901 2409 3962 monuit
2454 3899 2973 3978 Quintilianum,
3026 3919 3181 3964 cum

488 4015 866 4081 auctorum,
933 4008 1050 4084 qui
1098 4012 1257 4084 post
1303 4005 1703 4068 Ciceronem
1762 4005 1849 4067 de
1896 4007 2395 4085 compositione
2442 4005 2899 4084 scripsissent,
2955 4006 3183 4068 solum

484 4111 889 4190 Dionysium
948 4109 1068 4186 (IX
1118 4116 1174 4184 4,
1226 4110 1333 4184 88)
1393 4118 1459 4171 et
1507 4108 1906 4172 Cornelium
1955 4109 2227 4172 Celsum
2279 4108 2397 4188 (IX
2447 4115 2503 4184 4,
2555 4115 2709 4185 1325
2764 4111 2912 4188 137)
2965 4113 3181 4172 nomi-

481 4218 803 4288 navisset,
861 4221 1139 4293 praeter
1185 4213 1481 4275 Tullium
1527 4216 1778 4276 horum
1811 4214 2248 4293 potissimum
2296 4217 2633 4276 rationem
2676 4214 2998 4276 habuisse
3074 4233 3181 4276 su·

484 4320 735 4401 spicari
768 4335 991 4397 posse.
1048 4316 1183 4380 Sed
1231 4320 1565 4396 quaestio,
1613 4319 2041 4380 evolveritne
2074 4317 2333 4379 Fabius
2380 4317 2692 4399 Dionysii
2738 4318 3046 4381 libeHum
3095 4318 3183 4379 de

483 4423 999 4504 compositione,
1042 4439 1204 4484 sane
1247 4422 1512 4484 lubrica
1554 4429 1678 4485 est.
1732 4423 1975 4486 Nonne
2007 4423 2475 4495 Quintilianus
2517 4439 2613 4500 ea,
2653 4441 2832 4503 quae
2864 4425 3179 4485 Moraws-

484 4530 636 4590 kius
671 4529 758 4607 (p.
793 4533 866 4586 21
898 4527 1028 4606 sq.)
1065 4528 1151 4590 ad
1183 4527 1866 4590 Halicarnassensem
1900 4528 2186 4598 rettulit,
2221 4529 2357 4588 iam
2392 4547 2475 4589 ex
2508 4527 2691 4590 Celsi
2723 4521 3181 4590 Institutioni-

485 4633 634 4710 bus,
676 4650 879 4711 quem
909 4632 1247 4710 Dionysio
1289 4637 1572 4694 auctore
1602 4649 1801 4693 usum
1841 4651 1989 4695 esse
2029 4631 2397 4712 probabile
2428 4639 2550 4710 est,
2589 4649 2865 4695 sumere
2898 4633 3175 4712 potuit?

694 4771 732 4833 1)
770 4785 823 4832 p.
867 4773 960 4820 111
1002 4785 1083 4834 sq.

691 4855 731 4920 ²)
770 4871 824 4920 p.
866 4860 983 4910 129.
