3567 5109
1678 260 2122 323 -88-

756 468 893 536 Sed
956 473 1089 534 iam
1152 470 1259 535 hic
1322 474 1391 534 in
1447 474 1583 536 vita
1630 470 1991 554 Augustini
2037 471 2433 554 exponenda
2479 470 2933 535 subsistamus.
3027 470 3265 555 Neque

538 582 735 656 enim,
803 583 879 642 ut
922 578 1093 643 hanc
1144 582 1487 643 materiam
1534 598 1729 661 porro
1776 584 2158 657 tractemus,
2224 576 2416 643 nobis
2471 582 2882 662 propositum
2927 583 3050 656 est,
3115 598 3270 641 cum

541 684 959 767 Augustinus
1005 683 1403 767 baptismate
1462 692 1769 769 suscepto
1825 690 2006 751 totus
2070 706 2140 749 se
2207 684 2404 750 rebus
2461 684 2700 749 divinis
2748 684 3006 749 dederit
3049 705 3267 767 neque

538 812 833 875 unquam
880 790 1165 873 amplius
1213 792 1467 857 artibus
1514 791 1901 859 liberalibus
1939 795 2272 858 vacaverit
2287 794 2327 855 ¹.
2375 791 2637 876 Itaque,
2677 798 2754 857 ut
2789 794 3268 875 quaestionem,

541 920 742 982 quam
786 902 921 963 iam
966 901 1155 963 initio
1194 898 1384 964 nobis
1422 904 1911 983 proposuimus,
1957 898 2235 964 tandem
2275 896 2635 984 aliquando
2675 896 3024 977 solvamus,
3072 898 3268 963 nobis

536 1006 998 1071 revertendum
1052 1014 1157 1070 est
1210 1006 1297 1070 ad
1351 1007 1797 1091 fra-omentum
1851 1007 2022 1071 artis
2073 1007 2442 1088 rhetoricae,
2500 1028 2541 1071 a
2599 1027 2729 1091 quo
2785 1026 2997 1070 sermo
3044 1011 3274 1069 noster

540 1113 887 1178 aberravit.

756 1220 983 1304 Atque
1044 1219 1510 1284 recurrendum
1577 1220 1769 1285 nobis
1835 1226 1940 1285 est
1991 1219 2079 1284 ad
2135 1219 2334 1284 verba
2389 1218 2770 1302 Augustini,
2839 1238 3009 1302 quae
3065 1215 3266 1301 paulo

544 1348 747 1410 supra
804 1324 1162 1405 attulimus,
1220 1326 1458 1411 quibus
1514 1330 1655 1411 ipse
1708 1327 1788 1391 de
1837 1325 2024 1392 libris
2071 1326 2596 1410 Disciplinarum
2641 1324 3009 1391 Mediolani
3053 1324 3264 1389 hieme

542 1439 703 1500 anni
748 1436 897 1501 387.
946 1437 1339 1516 conscriptis
1386 1440 1635 1499 narrat.
1726 1434 1906 1499 Nam
1951 1438 2186 1499 mirum
2233 1438 2302 1499 in
2349 1433 2616 1499 modum
2671 1452 2804 1499 non
2850 1431 3062 1497 solum
3109 1431 3265 1498 Ore·

544 1541 755 1607 celius
802 1546 871 1606 et
915 1540 999 1607 A.
1046 1541 1317 1619 Reuter,
1384 1540 1503 1606 sed
1549 1544 1751 1605 etiam
1799 1545 1867 1620 ii,
1936 1540 2324 1625 quibuscum
2368 1540 2438 1605 hi
2485 1540 2903 1605 vehementer
2947 1544 3264 1623 pugnant,

542 1648 1017 1713 Benedictinos
1074 1669 1125 1711 s.
1173 1648 1396 1713 Mauri
1450 1647 1618 1727 dico,
1684 1652 1752 1712 in
1819 1646 1952 1714 illis
2017 1648 2233 1713 verbis
2289 1654 2678 1731 argumenta
2733 1647 2820 1712 ad
2874 1649 3268 1711 sententiam

544 1778 733 1820 suam
781 1754 1341 1838 comprobandam
1387 1762 1455 1819 et
1501 1760 1971 1840 quaesiverunt
2015 1762 2084 1820 et
2127 1758 2452 1821 invenisse
2501 1776 2570 1820 se
2619 1754 2988 1819 adfirmant.
3053 1753 3270 1818 Bene·

547 1862 781 1927 dictini
816 1864 993 1927 enim
1028 1861 1419 1945 fragmentis
1456 1861 1591 1927 illis
1626 1861 1948 1928 librorum
1983 1860 2525 1945 Disciplinarum,
2559 1883 2730 1948 quae
2759 1861 2882 1926 sub
2910 1860 3269 1943 Augustini

546 1972 810 2035 nomine
840 1968 1245 2049 ferebantur,
1278 1976 1629 2053 propterea
1658 1968 1852 2035 valde
1891 1968 2128 2035 offensi
2163 1977 2337 2049 sunt,
2387 1967 2566 2053 quod
2603 1990 2818 2054 neque
2857 1966 3270 2051 dialogorum

534 2076 835 2142 -formam
882 2081 1187 2159 gererent
1231 2098 1443 2160 neque
1492 2076 1581 2141 ad
1626 2080 2016 2160 incorporea
2072 2082 2530 2159 promoverent
2575 2080 2865 2140 animum
2879 2075 2922 2139 ³.
3005 2073 3268 2139 Deinde

546 2181 888 2249 Orecelius
936 2188 1166 2247 contra
1204 2204 1306 2262 ea,
1355 2205 1523 2267 quae
1556 2183 1976 2249 Benedictini
2015 2182 2452 2266 protulerunt,
2499 2183 2664 2248 haec
2713 2182 3040 2266 scripsit³z
3101 2182 3277 2258 Quid

544 2291 797 2373 iyitu'r?
847 2290 934 2355 Ιιι
972 2292 1163 2355 libris
1198 2293 1273 2356 de
1312 2292 1624 2357 rhetorica
1662 2298 1723 2355 et
1756 2294 1834 2357 de
1867 2292 2200 2357 dialectiea
2237 2312 2363 2375 quo
2389 2292 2537 2355 inre
2561 2289 2919 2355 desiderari
2943 2309 3278 2353 censemus

547 2398 743 2461 illum
790 2399 1015 2479 locam,
1081 2420 1209 2483 quo
1262 2420 1305 2463 a
1358 2400 1804 2483 corporalibus
1857 2401 1945 2464 ad
1985 2399 2428 2483 incorporalia
2461 2400 2812 2482 perducere
2858 2396 3280 2479 Aemus-tima..-

546 2505 682 2569 sibi
697 2510 1171 2589 proposuerat?
1221 2506 1422 2571 Hune
1447 2528 1665 2571 nonne
1698 2507 1777 2569 in
1806 2506 2107 2570 eaetremis
2146 2506 2337 2569 Iibm's
2363 2526 2488 2590 per
2523 2528 2590 2569 se
2622 2504 3014 2587 intelliyitm·
3052 2505 3284 2585 Anqu-

548 2612 821 2694 stinum,
877 2613 942 2675 si
985 2613 1185 2677 libros
1224 2612 1613 2697 perfecisset,
1670 2614 1879 2696 fuisse
1923 2614 2349 2677 additurum?
2419 2612 2647 2695 Itaque
2691 2612 2854 2695 quid
2895 2610 3279 2673 mirandum

552 2725 662 2801 est,
709 2721 882 2803 quod
922 2741 1056 2783 uon
1102 2725 1313 2783 exstat
1354 2721 1431 2782 in
1477 2720 1669 2783 libris
1714 2741 1847 2784 non
1888 2718 2240 2803 perfectis?

768 2842 902 2909 Sed
928 2849 1191 2908 rectene
1220 2844 1384 2907 haec
1410 2841 1747 2908 Orecelius
1777 2843 2244 2921 observaverit,
2275 2864 2356 2907 ex
2383 2843 2507 2921 his,
2532 2846 2646 2927 qui
2675 2841 2762 2906 ad
2790 2841 2962 2906 hanc
2991 2846 3312 2905 aetatem.

555 2956 1012 3033 pervenerunt,
1063 2950 1143 3013 de
1172 2948 1433 3013 Musica
1461 2948 1647 3013 libris
1678 2970 1796 3014 sex
1813 2954 2134 3033 cognosci
2161 2955 2398 3032 potest.
2444 2948 2628 3033 Quos
2656 2952 2791 3013 iam
2819 2944 3284 3031 inspiciamus!

558 3057 785 3143 Atque
850 3080 891 3123 a
954 3059 1290 3141 prooemio
1348 3053 1705 3121 admodum
1750 3060 1972 3121 ieiuno
2022 3061 2233 3121 oratio
2282 3076 2493 3138 usque
2551 3054 2640 3119 ad
2697 3054 3008 3119 subtilem
3061 3074 3288 3117 rerum

554 3164 1177 3249 contemplationem
1224 3166 1435 3245 surgit
1478 3166 1994 3247 magistrumque
2043 3184 2186 3228 esse
2235 3169 2303 3227 et
2346 3166 2414 3227 in
2461 3160 2882 3246 philosophia
2919 3166 2990 3226 et
3031 3163 3102 3225 in
3141 3159 3286 3225 dia·

555 3270 807 3336 lecticis
846 3262 1359 3337 versatissimum
1396 3268 1636 3353 prodit.
1684 3269 1978 3336 Socratis
2017 3274 2191 3335 enim
2227 3290 2406 3335 more
2444 3269 2552 3333 hic
2591 3268 2799 3333 multa
2837 3290 2918 3333 ex
2955 3263 3288 3349 discipulo

552 3382 823 3462 ‚quaerit
866 3398 1166 3461 eumque,
1234 3382 1291 3441 si
1347 3376 1428 3441 de
1487 3376 1866 3443 definit-ione
1924 3375 2152 3461 aliqua
2199 3397 2330 3441 non
2376 3382 2554 3441 recte
2602 3376 2940 3453 iudicavit,
3004 3375 3288 3457 argutiis

556 3488 958 3569 compungit.
1008 3484 1203 3551 Certe
1248 3483 1505 3551 nullam
1549 3484 1633 3550 ob
1675 3485 1878 3549 aliam
1915 3505 2185 3549 causam
2223 3483 2639 3566 Augustinus
2675 3484 2813 3547 iam
2847 3481 3043 3546 initio
3070 3481 3294 3565 primi

561 3591 722 3657 libri
766 3590 847 3655 de
896 3613 963 3655 re
1012 3598 1299 3656 ceterum
1347 3590 1580 3656 humili
1626 3598 1695 3655 et
1740 3590 2022 3673 simplici
2070 3597 2204 3655 tam
2251 3594 2512 3673 copiose
2570 3596 2639 3655 et
2683 3594 2913 3653 ornate
2963 3586 3288 3671 disputat,

559 3702 689 3763 nisi
728 3696 907 3781 quod
945 3698 1159 3777 finem,
1201 3697 1289 3763 ad
1330 3719 1523 3781 quem
1561 3698 1898 3777 tendebat,
1938 3704 2015 3761 ut
2052 3698 2486 3761 mutabilibus
2515 3697 2812 3761 numeris
2829 3695 3293 3781 perveniretur

558 3808 645 3871 ad
702 3806 1145 3870 immutabiles
1208 3826 1533 3886 ητιηιενοε,
1580 3806 1699 3889 qui
1750 3806 1884 3869 iam
1945 3805 2016 3868 in
2063 3805 2208 3888 ipsa
2256 3810 2468 3867 essent
2511 3802 2918 3867 imnmtabili
2961 3801 3229 3865 veritate
3239 3801 3289 3883 ⁴,

775 4052 795 4087 ²
834 4052 919 4105 (tf.
950 4051 1111 4105 Conf.
1144 4050 1198 4104 X
1235 4052 1285 4114 9,
1328 4052 1420 4104 16:
1463 4050 1569 4103 Sed
1606 4067 1717 4103 non
1752 4067 1818 4103 ea
1853 4051 1974 4103 sola
2004 4055 2177 4117 qesta!
2213 4048 2488 4101 immensa
2528 4048 2636 4101 isla·
2673 4046 2956 4117 capacitas
2983 4044 3292 4099 memoriae

556 4160 723 4197 meae.
763 4141 873 4195 Ha·
899 4146 1029 4195 sient
1054 4146 1103 4194 et
1134 4140 1233 4193 illa
1262 4139 1470 4205 omnia,
1501 4156 1637 4207 quae
1664 4140 1729 4191 de
1755 4138 2028 4192 doctrinis
2065 4138 2384 4191 liberalibus
2405 4142 2657 4206 percepta
2683 4136 2928 4190 nondum
2955 4134 3292 4189 ewidermzt.

562 4233 757 4301 Atque
792 4231 1033 4300 epistula
1062 4230 1179 4284 118.
1211 4229 1262 4295 5,
1292 4230 1360 4282 34
1400 4228 1471 4281 ad
1510 4228 1844 4281 Dioscorum
1883 4228 2071 4295 missa,
2110 4228 2206 4296 qui
2237 4228 2559 4297 Augustino
2595 4226 2896 4281 nonnullas
2935 4225 3292 4293 quaestiones

560 4339 633 4377 ex
670 4321 957 4375 Ciceronis
996 4318 1233 4373 Oratore
1271 4318 1475 4387 petitas
1513 4320 1902 4386 proposuerat,
1942 4318 2291 4386 Augustinus
2331 4316 2409 4369 sic
2447 4316 2760 4384 respondit:
2815 4313 3069 4368 Orator-is
3105 4318 3291 4367 autem

562 4412 935 4479 librorumque
980 4409 1059 4462 De
1104 4412 1317 4461 oratore
1372 4423 1557 4459 omnes
1612 4406 1954 4473 quaestiones
1993 4404 2351 4475 praetermisi
2390 4444 2404 4458 .
2441 4444 2456 4459 .
2497 4445 2508 4457 .
2546 4422 2633 4457 res
2671 4404 2824 4473 ipsae
2861 4419 3036 4456 nunc
3073 4406 3295 4455 nostrae

558 4499 901 4570 professioni
935 4499 1126 4551 minus
1162 4499 1487 4564 eonqnamt.

778 4588 801 4623 ²
837 4588 995 4642 Tom.
1033 4585 1083 4639 1.
1122 4586 1270 4653 App.
1310 4602 1363 4653 p.
1394 4584 1514 4638 802.

778 4677 803 4711 ³
840 4676 1212 4745 Programma
1248 4690 1436 4742 gymn.
1474 4671 1603 4725 En».
1640 4690 1694 4740 p.
1725 4674 1775 4725 2.

780 4768 803 4799 ⁴
840 4763 1094 4818 Retract.
1134 4762 1165 4815 Ι
1206 4763 1271 4817 10
1314 4763 1450 4827 (11),
1491 4761 1539 4814 1.
