3567 5109
1698 249 2140 309 —18—

556 459 899 523 commoda
940 458 1160 540 capiat
1198 480 1275 521 ac
1314 457 1509 522 beata
1556 458 1691 521 fiat.
1740 457 1891 522 Nisi
1939 459 2026 538 id,
2074 459 2252 542 quod
2299 481 2499 541 supra
2547 461 2852 543 scriptori
2898 461 2966 523 in
3016 459 3278 543 dialogo

557 566 960 630 conficiendo
1010 566 1419 647 propositum
1466 565 1673 629 fuisse
1715 567 2016 644 diximuS,
2063 568 2527 649 acceperimuS,
2564 588 2696 631 non
2737 568 3050 650 explicari
3087 588 3280 650 posse

556 680 881 756 putamuS,
948 694 1063 735 cur
1128 692 1371 749 omneS‚
1436 674 1546 754 qui
1616 672 2118 737 Atheniensium
2185 694 2320 737 rem
2396 674 2730 756 publicam
2797 675 3284 756 capessiverint‚

558 780 957 862 gravissimis
1006 778 1216 841 verbis
1265 780 1846 866 reprehendant-ur,
1897 782 2074 863 quod
2115 802 2182 844 se
2223 782 2403 863 ipsos
2451 783 2631 863 prius
2671 802 2802 845 non
2843 782 3283 865 cognoverint.

559 887 751 953 Certe
796 888 873 965 is,
926 888 1036 968 qui
1084 886 1254 951 hanc
1302 887 1814 968 disputationem
1853 888 2262 971 conscripsit,
2301 910 2433 953 non
2475 889 2830 967 dissuadet,
2866 910 2948 953 ne
2987 889 3286 952 homines

559 1017 693 1059 rem
748 994 1079 1077 publicam
1138 1001 1506 1076 capessant,
1567 994 1683 1059 sed
1738 995 1806 1058 id
1863 996 2175 1076 postulat,
2233 1002 2326 1075 ut,
2387 996 2768 1078 priusquam
2827 998 2893 1060 in
2949 996 3286 1078 publicum

558 1102 900 1185 prodeant,
948 1123 1113 1183 quae
1161 1102 1533 1165 necessaria
1583 1102 1733 1179 sint,
1780 1109 2116 1183 comperta
2165 1102 2480 1183 haheant3
2531 1104 2860 1167 civitatem
2901 1105 3091 1181 enim,
3137 1124 3284 1167 cum

560 1230 815 1285 omneS,
864 1208 972 1291 qui
1032 1229 1177 1271 eam
1234 1208 1850 1286 administraverint,
1907 1209 2190 1291 imperiti
2251 1210 2510 1284 fuerint,
2557 1212 2625 1273 in
2673 1216 2928 1273 tantam
2976 1210 3287 1274 incidisse

557 1316 1039 1380 necessitatem.

776 1422 845 1487 Si
914 1423 1047 1485 iam
1096 1420 1467 1485 Alcibiadis
1534 1424 1798 1486 nomine
1866 1421 2165 1505 neglecto
2224 1423 2292 1487 in
2340 1426 2714 1487 universum
2763 1424 3060 1501 dicimus,
3126 1424 3288 1508 quid

560 1531 844 1611 scriptor
878 1528 1005 1592 hoc
1044 1528 1305 1611 dialogo
1348 1528 1798 1593 demonstrare
1840 1529 2135 1609 voluerit,
2177 1552 2312 1593 non
2353 1530 2712 1595 errabimus
2752 1531 3044 1594 dicentes
3084 1532 3291 1611 scrip-

563 1643 773 1700 torem
814 1657 1009 1717 quam
1050 1636 1325 1698 maxime
1364 1635 1844 1717 reprehendere
1876 1638 2178 1700 inertiam
2209 1644 2276 1700 et
2305 1638 2932 1720 magniloquentiam
2959 1637 3289 1713 iuvenum,

564 1745 697 1827 qui,
751 1764 1149 1825 quamquam
1195 1742 1361 1806 nihil
1410 1743 1779 1823 didicerint,
1833 1765 1968 1807 rem
2017 1743 2348 1826 publicam
2397 1764 2621 1826 gerere
2671 1744 2890 1808 velint.
2977 1742 3062 1807 Se
3109 1745 3292 1826 ipsos

564 1857 1034 1933 cognoscentes
1072 1857 1139 1913 et
1175 1849 1479 1913 ¹virt-utem
1526 1859 1904 1915 exercentes
1953 1857 2019 1915 et
2065 1851 2230 1915 alios
2270 1858 2354 1930 et,
2405 1873 2574 1935 quae
2616 1851 2861 1915 civitati
2901 1850 3096 1915 saluti
3135 1852 3292 1921 sint,

564 1958 939 2039 cognituros
989 1978 1127 2020 csse
1177 1958 1483 2040 ipsosque
1532 1957 1762 2021 beatos
1811 1958 1954 2021 fore
2003 1964 2070 2021 et
2116 1959 2461 2023 civitatem.

570 2280 689 2363 ΙΙΙ.
749 2278 953 2363 Quae
1010 2280 1102 2359 in
1159 2278 1305 2360 hoc
1365 2276 1679 2379 dialogo
1740 2302 1787 2360 a
1825 2279 2186 2362 Platonis
2243 2279 2607 2362 moribus
2666 2280 2906 2381 atque
2963 2300 3294 2362 consue-

1506 2401 1793 2484 tudine
1851 2402 2357 2488 abhorreant.

784 2620 856 2685 Si
904 2620 1049 2702 quis
1096 2618 1183 2683 ad
1222 2619 1431 2682 solum
1472 2619 1661 2682 huius
1692 2620 2011 2682 sermonis
2041 2627 2494 2703 argumentum
2535 2622 2802 2703 eiusque
2833 2619 3295 2684 tractationem

564 2728 981 2813 spectaverit,
1052 2732 1222 2790 certe
1271 2726 1443 2789 hunc
1495 2724 1830 2807 dialogum
1887 2764 1964 2771 —
2025 2728 2080 2789 si
2128 2750 2168 2790 a
2214 2727 2494 2791 Platone
2543 2749 2690 2792 eum
2741 2727 3104 2808 profectum
3149 2748 3294 2789 esse

566 2838 691 2902 sibi
742 2834 1141 2919 persuaserit
1180 2872 1261 2878 —
1310 2833 1377 2897 in
1417 2832 1517 2911 iis,
1570 2832 1681 2915 qui
1720 2834 1932 2914 prima
1972 2832 2347 2915 philosophi
2376 2841 2591 2898 aetate
2625 2834 2750 2899 orti
2779 2840 2952 2912 sunt,
3002 2832 3296 2897 referen-

566 2948 723 3009 dum
764 2965 903 3006 esse
944 2939 1254 3017 censebit,
1305 2940 1483 3022 quod
1524 2960 1748 3002 omnes
1789 2938 2106 3018 fecerunt,
2148 2941 2258 3024 qui
2287 2939 2708 3005 Alcibiadem
2736 2941 3037 3004 Platonis
3067 2940 3298 3022 genui-

567 3075 726 3117 num
774 3070 1140 3113 sermonem
1195 3068 1335 3110 esse
1385 3047 1881 3110 contenderunt*
1968 3047 2103 3111 Sed
2149 3049 2203 3109 si
2251 3048 2619 3111 accuratius
2667 3047 3050 3128 inspexeriS,
3121 3068 3299 3110 com-

570 3159 765 3241 plura
812 3156 1125 3232 invenieS,
1188 3176 1353 3237 quae
1403 3154 1695 3217 imitator
1740 3154 1851 3218 ille
1901 3155 2190 3237 neglexit
2237 3176 2536 3237 quaeque
2585 3176 2625 3217 a
2670 3154 2972 3218 Platonis
3019 3174 3297 3218 consue-

570 3264 801 3329 tudine
849 3270 914 3327 et
959 3260 1289 3325 scribendi
1336 3282 1575 3342 genere
1624 3261 1841 3325 aliena
1890 3268 2056 3325 sunt.
2107 3260 2241 3325 Sed
2279 3282 2397 3342 per
2435 3284 2502 3324 se
2543 3261 2948 3343 intellegitur
2984 3260 3191 3325 multa
3227 3260 3300 3323 in

570 3372 695 3436 hac
744 3392 813 3433 re
862 3369 1175 3432 erravisse
1224 3390 1354 3447 eos,
1424 3368 1537 3450 qui
1586 3368 2004 3432 Alcibiadem
2052 3369 2334 3449 priorem
2393 3368 2686 3450 spurium
2733 3389 2874 3431 esse
2921 3367 3297 3444 voluerunt3

572 3500 727 3543 nam
774 3476 971 3539 etiam
1019 3496 1116 3550 ea,
1168 3496 1335 3556 quae
1386 3496 1466 3537 ne
1516 3474 1709 3538 Plato
1761 3474 2024 3557 quidem
2075 3474 2265 3538 aliter
2311 3475 2698 3555 scripsisset,
2757 3473 3059 3556 scriptori
3107 3473 3302 3536 huius

573 3584 891 3650 sermonis
950 3582 1103 3645 vitio
1162 3581 1339 3644 dant„
1434 3580 1621 3645 Haec
1678 3582 1877 3664 igitur
1938 3582 2172 3645 iterum
2238 3604 2776 3665 recognoscemus
2842 3588 2910 3645 et
2963 3580 3300 3664 inquirere

572 3690 1001 3765 studebimuS,
1051 3696 1266 3752 utrum
1314 3694 1489 3751 recte
1540 3688 1821 3752 fecerint
1867 3688 1962 3751 illi
2010 3689 2130 3751 viri
2177 3710 2401 3752 necne.
2472 3687 2605 3752 Sed
2655 3710 2783 3771 quo
2831 3688 3089 3751 facilius
3137 3687 3302 3751 haec.

577 3798 851 3865 materia
916 3796 1370 3878 perspiciatur,
1440 3794 1646 3857 tribus
1706 3794 2003 3876 partibus
2061 3817 2205 3857 eam
2263 3795 2766 3877 explicabimus:
2835 3801 3031 3877 atque
3090 3794 3304 3876 prima

578 3906 843 3991 quidem
892 3904 973 3967 de
1022 3904 1342 3983 exteriore
1392 3903 1592 3965 totius
1642 3902 1885 3983 dialogi
1933 3900 2161 3964 habitu
2213 3909 2279 3964 et
2326 3910 2582 3979 ornatu,
2633 3902 2838 3965 altera
2890 3901 2970 3964 de
3012 3899 3302 3964 moribus

578 4035 821 4090 eorum,
856 4012 969 4094 qui
1007 4011 1074 4073 in
1114 4010 1239 4073 hoc
1278 4009 1539 4091 dialogo
1580 4016 1645 4071 et
1684 4008 2132 4091 colloque-ntes
2160 4008 2565 4072 inducuntur
2594 4016 2660 4072 et
2687 4012 3301 4083 commemorantur,

582 4120 791 4185 acturi
840 4140 1080 4195 summ,
1129 4117 1324 4180 tertia
1370 4123 1553 4198 parte
1603 4116 1932 4179 illustrare
1973 4115 2374 4195 conabimur,
2426 4138 2594 4200 quae
2635 4116 2720 4180 ad
2751 4115 3060 4179 materiae
3091 4113 3303 4196 ipsius

580 4227 1043 4291 tractationem
1100 4230 1428 4305 spectant3
1500 4222 1734 4304 quibus
1793 4223 2224 4304 adiungemus
2283 4224 2734 4305 quaestionem
2794 4222 2872 4285 de.
2941 4220 3303 4303 particulis.

1079 4474 1163 4543 A.
1212 4474 1316 4542 De
1363 4474 1723 4541 exteriore
1771 4473 2028 4539 habitu
2078 4474 2152 4539 et
2199 4476 2461 4539 ornatu
2508 4473 2804 4556 dialogi.

795 4637 1086 4699 Primum
1129 4636 1391 4717 quidem
1431 4658 1469 4699 a
1498 4633 1834 4698 nonnullis
1865 4634 2017 4696 viris
2058 4630 2426 4696 Alcibiadis
2455 4633 2757 4714 scriptori
2787 4632 2942 4695 vitio
2972 4631 3302 4707 tribuitur,

584 4740 765 4827 quod
809 4742 1121 4823 legentes,
1172 4741 1283 4803 ubi
1330 4762 1539 4804 sermo
1588 4740 1809 4804 factus
1857 4742 1960 4817 sit,
2013 4740 2323 4804 certiores
2372 4761 2505 4803 non
2554 4740 2732 4803 fiant.
2827 4737 3303 4803 Stallbaumius
