3567 5109
1496 299 1973 364 —119—

837 487 1242 544 Quintilianus.
1733 499 1739 621 Ι
2104 493 2309 544 Isidor.
2344 507 2399 554 p.
2440 496 2557 557 521,
2595 507 2649 542 n.
2688 497 2771 544 33.

523 591 602 641 IX
640 593 690 655 2,
736 594 829 642 40:
876 591 984 642 Illa
1017 610 1153 658 vero,
1178 600 1230 642 ut
1256 596 1332 642 ait
1361 593 1550 659 Cicero,
1576 594 1682 644 ‘mh
1734 634 1737 642 .

385 675 553 724 oculos
585 677 838 726 mbiectio'
875 685 978 728 tum
1002 678 1129 742 fieri
1163 679 1304 746 tolet,
1343 695 1452 728 cum
1476 695 1559 729 ree
1581 696 1684 730 mm
1734 664 1737 673 ¹

381 771 532 827 qesta
567 765 844 834 aulicam,
881 766 974 817 ced
1007 774 1064 816 ut
1099 769 1166 818 eit
1197 774 1347 831 qesta
1382 767 1682 836 ostenditur,

383 867 474 902 nec
518 853 776 914 universa,
822 853 916 903 ced
949 871 1050 917 per
1087 862 1296 918 partes.-
1336 871 1480 920 quem
1527 855 1682 905 locum

379 941 610 1001 proximo
644 939 772 990 libr-o
803 940 1097 992 subiecimus
1126 942 1509 996 evidentiae.
1554 942 1681 994 Oel-

383 1043 491 1077 eus
525 1029 638 1077 Ῐιοο
671 1043 891 1079 ‘nomen
927 1031 1041 1078 inca·
1062 1029 1336 1096 figurae
1371 1030 1580 1092 dodim
1617 1031 1682 1080 ab
1734 986 1740 1045 ι

387 1113 512 1164 aliie
543 1109 897 1175 ὑποτύπωσις
927 1115 1119 1167 dicitur
1132 1121 1402 1182 proposita
1425 1117 1682 1181 quaedam
1734 1063 1740 1261 ι

372 1201 552 1262 forma
595 1219 764 1252 rev-um
802 1204 881 1254 ita
929 1220 1177 1268 messa
1218 1204 1402 1268 verbis,
1447 1212 1503 1254 ut
1547 1207 1684 1254 cerni
1735 1268 1739 1280 .

374 1291 549 1352 potius
574 1292 848 1341 videamur
879 1308 1032 1357 quam
1050 1293 1226 1342 audiri
1247 1335 1257 1346 .
1280 1330 1293 1344 .
1312 1334 1327 1347 .
1344 1329 1360 1342 .
1398 1294 1506 1344 Nec
1523 1292 1686 1343 solum

384 1393 516 1439 quac
555 1378 714 1442 facta
750 1379 860 1429 sint
914 1387 1004 1430 aut
1029 1380 1189 1444 fiant,
1241 1383 1336 1432 sed
1371 1381 1533 1431 ctiam
1558 1395 1685 1444 quac

373 1463 565 1526 ‚t'eccura
601 1465 712 1515 sint
747 1473 836 1516 aut
859 1465 1052 1530 fictura
1075 1469 1286 1531 fuerint
1319 1471 1681 1535 imaqinamur.

1872 586 1875 589 ¹
1928 597 2222 662 Euat-,qia
2259 603 2333 647 est
2367 614 2531 647 rerum
2557 603 2817 660 yestarum
2844 604 2933 646 aut
2958 615 3083 660 qua-

1790 683 1838 731 si
1890 691 2151 748 gestarum
2204 683 2294 733 sub
2348 683 2505 734 oculis
2560 683 2808 750 inductio,
2864 683 2931 732 dc
2984 699 3081 746 qna

1791 769 1938 820 locuti
1970 773 2075 820 iam
2112 788 2299 821 sumus.

592 1571 901 1654 Namque
950 1593 1104 1637 cum
1153 1578 1433 1654 enargia
1483 1575 1820 1638 Graecum
1867 1591 2118 1636 nomen
2166 1573 2549 1636 evidentiae
2598 1573 2709 1648 sit,
2741 1573 3085 1648 Isidorum

385 1695 482 1754 ea,
548 1697 722 1757 quae
771 1679 996 1754 habet,
1062 1697 1146 1742 ex
1197 1680 1382 1742 Celsi
1423 1679 1626 1742 libris
1691 1679 2119 1758 excerpsisse
2165 1677 2334 1740 mihi
2385 1681 2535 1740 veri
2581 1679 2805 1741 simile
2838 1686 2959 1742 est.
3004 1680 3091 1741 At

387 1781 640 1844 dixerit
687 1785 1032 1864 quispiam
1073 1785 1346 1860 Celsum
1394 1804 1534 1848 non
1584 1784 1919 1847 adiecisse
1954 1782 2251 1845 Graecas
2298 1784 2826 1863 appellationes;
2877 1801 3091 1863 quare

387 1886 472 1948 de
519 1885 646 1970 hac
693 1891 1099 1967 quaestione
1148 1892 1535 1952 accuratius
1583 1889 1783 1951 nobis
1832 1894 1936 1950 est
1982 1887 2341 1966 agendum.
3052 1877 3059 1884 ’

595 1991 1116 2070 Morawskius1)
1168 1994 1468 2073 quidem,
1515 1994 1767 2054 si-eius
1813 1993 2025 2054 verba
2072 1998 2259 2053 recte
2303 1993 2630 2066 intellexi,
2677 1991 2856 2066 inde,
2904 1992 3091 2070 quod

386 2093 854 2165 Quintilianus
889 2095 1154 2176 figuras
1187 2099 1424 2161 Latine
1473 2104 1737 2160 tantum
1786 2098 2165 2176 appellatas
2214 2115 2297 2160 ex
2334 2095 2527 2158 Celsi.
2561 2096 2759 2158 libris
2806 2096 3091 2174 profert,

389 2202 566 2261 hunc
614 2199 932 2279 figuras
991 2207 1302 2264 tantum
1348 2203 1670 2265 Latinis
1730 2201 2197 2265 nominibus
2263 2200 2745 2279 designasse
2813 2200 3092 2278 collegit

387 2311 592 2382 atque
642 2306 837 2367 illum
885 2313 1168 2368 contra
1217 2306 1455 2369 huius
1505 2309 1829 2369 nimiam
1876 2306 2417 2388 καθαρότητος
2465 2304 3089 2368 affectationem

385 2410 551 2470 haec
617 2411 832 2473 verba
930 2411 1052 2490 (IX
1120 2419 1176 2487 2,
1253 2414 1360 2489 44)
1449 2412 1706 2474 dixisse
1792 2411 2220 2490 suspicatur:
2318 2408 2753 2488 Εἰρωνείαν
2834 2413 3093 2470 inveni

388 2511 522 2596 qui
571 2509 1265 2576 dissimulationem
1317 2521 1663 2577 vocaret.-
1721 2533 1860 2600 quo
1914 2511 2233 2582 ‘no-mine,
2289 2511 2475 2598 quia
2522 2533 2797 2596 parum
2856 2507 3091 2574 totius

385 2616 970 2702 huiusfiqurae
1017 2619 1219 2682 vires
1265 2617 1624 2682 videntur
1669 2615 1985 2696 ostendi,
2035 2617 2391 2679 nimirum
2439 2615 2649 2698 sicut
2694 2615 2771 2678 in
2809 2615 3089 2698 pleris-

386 2742 520 2802 que
566 2721 848 2783 erimus
899 2719 1196 2785 Graeca
1242 2721 1787 2805 appellatione
1838 2721 2186 2784 contenti.
2238 2722 2373 2784 Sed
2422 2722 2655 2800 nescio
2705 2739 2790 2784 an
2826 2721 2936 2784 hic
2985 2724 3093 2784 vir

389 2827 634 2890 doctus
682 2829 912 2890 minus
960 2837 1145 2891 recte
1191 2829 1608 2891 iudicaverit
1656 2828 1739 2890 de
1775 2827 2080 2890 Cornelii
2132 2826 2485 2888 scribendi
2532 2826 2822 2888 ratione.
2872 2827 3090 2902 Argu·

387 2939 696 2994 mentum
745 2941 948 3007 certe,
981 2951 1118 3011 quo
1153 2951 1345 2995 suam
1379 2933 1796 2996 sententiam
1830 2930 2253 2994 confirmare
2289 2936 2597 3007 conatur,
2628 2928 2910 2991 firmum
2954 2947 3092 2992 non

388 3043 510 3099 est.
575 3036 747 3098 Nam
795 3055 879 3099 ex
939 3055 1018 3100 ea
1067 3057 1164 3112 re,
1211 3040 1401 3117 quod
1451 3037 1921 3109 Quintilianus
1968 3036 2253 3099 nomina
2296 3036 2445 3098 sola
2495 3035 2738 3097 Latina
2785 3052 2868 3095 ex
2903 3035 3093 3096 illius

388 3143 740 3204 rhetorica
787 3141 1040 3216 adfert,
1090 3143 1263 3205 nihil
1311 3143 1671 3223 probatur.
1737 3142 1876 3203 Fac
1926 3143 2106 3204 enim
2165 3141 2463 3219 aliquem
2512 3139 2926 3219 scriptorem
2981 3139 3093 3200 ad·

369 3253 666 3309 'notasse
714 3245 992 3310 Celsum
1041 3248 1114 3309 in
1162 3247 1544 3310 Medicinae
1591 3247 1795 3311 libris
1828 3247 2388 3319 instrumentum,
2437 3263 2575 3323 quo
2624 3239 2867 3307 dentes
2914 3247 3091 3306 exci-

388 3351 698 3429 piuntur,
748 3349 1088 3430 forcipem
1122 3357 1239 3413 aut
1285 3353 1467 3413 oculi
1512 3352 1835 3414 morbum
1886 3351 2234 3430 quendam
2284 3347 2749 3412 suffusionem
2794 3338 3092 3411 vocasse'.

391 3455 568 3516 Num
623 3472 708 3517 ex
756 3455 864 3516 his
921 3455 1158 3518 verbis
1222 3456 1498 3519 Celsum
1547 3456 1849 3518 Graecas
1915 3472 2119 3516 voces
2187 3471 2325 3516 non
2374 3452 2725 3516 addidisse
2771 3453 3094 3515 concludi

391 3561 666 3638 potest?
717 3559 1024 3636 Minime;
1059 3579 1216 3622 nam
1249 3561 1307 3621 si
1357 3559 1741 3623 Medicinae
1773 3559 1997 3621 libros
2032 3558 2401 3634 evolveriS,
2450 3575 2561 3618 eas
2610 3557 2911 3620 adiectas
2946 3575 3096 3619 esse

391 3651 854 3744 cognosces‘ss.)
911 3664 1162 3727 Simili
1190 3671 1417 3727 autem
1475 3671 1885 3743 argumento
1944 3663 2164 3724 utitur
2232 3663 2308 3737 is,
2368 3663 2485 3738 qui
2544 3678 2627 3723 ex
2686 3659 3093 3732 Quintiliani

389 3769 619 3831 verbis
668 3769 901 3851 (veluti
949 3769 1042 3831 IX
1087 3773 1142 3846 2,
1191 3773 1302 3830 22;
1355 3772 1484 3832 hoc
1534 3769 1772 3831 Celsus
1824 3769 2433 3829 ‘sustentationem’
2482 3771 2682 3828 vocat
2720 3800 2788 3809 —
2842 3773 2957 3826 aut
3003 3767 3093 3827 IX

391 3879 449 3949 2,
503 3879 614 3933 54:
670 3871 1134 3953 ἀποσιώπησις,
1169 3892 1374 3952 quam
1421 3875 1604 3936 idem
1651 3873 1892 3935 Cicero
1943 3873 2428 3950 ‘reticentiam‘,
2479 3869 2719 3932 Celsus
2773 3869 3093 3932 'obticen-

391 3977 615 4040 tiam’.
637 3978 1096 4057 ..appellant)
1133 3979 1310 4041 idem
1346 3980 1429 4041 dc
1460 3979 1640 4040 illius
1675 3983 1742 4040 in
1781 3981 2119 4039 rhetorica
2152 3992 2278 4038 usu
2327 3977 2593 4037 conicit.
2644 3975 3007 4035 Praeterea
3040 3979 3095 4034 si

393 4084 576 4146 illam
599 4087 1006 4146 sententiam
1029 4092 1302 4146 secutus
1326 4088 1475 4160 cria,
1508 4087 1805 4146 maxima
1830 4083 2241 4168 difficultate
2261 4081 2735 4159 implicaberis
2776 4079 3095 4140 Nondum

395 4191 591 4265 enim,
625 4195 856 4269 utrum
881 4189 1120 4252 Celsus
1155 4191 1560 4251 rhetoricam
1586 4195 1739 4251 ante
1762 4189 2133 4251 Medicinae
2165 4188 2301 4248 lib1
2305 4205 2381 4248 os
2416 4187 2705 4255 ediderit
2738 4203 2818 4246 an
2842 4193 3098 4263 postea,

393 4294 829 4420 exploratum
879 4301 979 4358 est
995 4297 1080 4374 ἒ);
1133 4295 1252 4358 sed
1320 4298 1461 4357 sive
1505 4297 1674 4356 hanc
1723 4298 1862 4356 sixe
1897 4293 2085 4354 illam
2129 4293 2481 4371 amplexus
2516 4293 2651 4352 eris
2686 4293 3097 4368 opinionem,

401 4415 633 4422 -—,*

607 4453 641 4512 ¹)
683 4453 746 4500 ln
740 4416 996 4509 —.Qemest
1041 4449 1134 4508 Qu
1130 4450 1248 4500 Qntil
1289 4465 1325 4512 p
1385 4455 1466 4500 63.

604 4537 646 4600 ²)
684 4539 760 4587 VI
799 4541 846 4602 6,
886 4539 976 4588 35:
1031 4535 1256 4598 Suffusio
1310 4552 1513 4599 (suoque,
1571 4552 1724 4599 quam
1783 4536 1979 4586 Graeci
2022 4531 2283 4602 ὑπόχυσιν
2334 4533 2627 4594 nominarem
2694 4532 2799 4581 VII
2840 4534 2922 4596 12,
2963 4535 3016 4579 1:
3054 4529 3101 4578 si

393 4625 580 4692 minue,
604 4625 814 4688 forcipe
847 4622 944 4686 (id
983 4629 1056 4672 est
1097 4619 1426 4688 ddcvtdyoa)
1461 4623 1590 4674 dem
1629 4621 1959 4695 exquoendm
1996 4631 2087 4674 est.

601 4713 644 4774 ³)
679 4713 820 4762 Nam
855 4725 924 4762 ne
961 4711 1028 4760 iis
1066 4711 1314 4772 quidem,
1355 4725 1500 4773 qnae
1537 4711 1809 4760 Kisselius
1848 4713 1883 4762 l.
1920 4711 1959 4758 l.
1988 4724 2039 4772 p.
2070 4713 2135 4760 57
2158 4722 2224 4760 ss,
2265 4709 2510 4774 scripsit,
2538 4707 2789 4769 quacssso
2829 4706 2995 4756 valde
3022 4713 3102 4754 est

393 4803 670 4864 promota,
707 4797 916 4848 nedum
954 4797 1024 4846 sit
1060 4799 1260 4848 soluta.
