3567 5109
769 542 1030 603 Deinde
1054 542 1190 602 duo
1217 560 1464 604 versus
1485 540 2073 603 commemorandi
2099 550 2279 617 sunt,
2304 541 2371 601 in
2410 539 2663 619 quibus
2699 542 3255 624 monosyllabum

559 651 627 707 in
650 654 967 709 extremo
1002 648 1350 725 semipede
1386 647 1688 725 positum
1723 646 2283 724 interpunctione
2319 645 2772 723 abscinditur,
2821 647 2976 709 dico
3010 665 3261 710 versus

557 751 829 827 XXVII,
880 760 914 810 7
965 758 1030 811 et
1076 750 1386 827 XXXIII,
1439 758 1538 812 98.
1605 750 1758 813 Illic
1826 750 2167 829 particula
2214 757 2283 809 ut
2330 751 2559 812 minus
2623 760 2911 814 venuste
2978 752 3049 815 in
3114 752 3257 813 fine

559 876 795 919 versus
844 856 1236 930 collocatur,
1284 855 1394 916 hic
1443 874 1609 917 vero
1661 854 2115 932 enuntiatum,
2166 856 2355 934 quod
2405 857 2665 935 incipit,
2714 875 2857 918 non
2906 857 2993 917 ad
3041 856 3255 917 finem

555 961 992 1040 perducitur3
1045 960 1430 1022 Baebianus
1477 962 1660 1020 enim
1713 959 2050 1037 (XXXIII,
2102 962 2241 1038 98);
2764 962 2773 973 ’

1077 1122 1086 1131 .
1119 1122 1128 1131 .
1157 1080 1264 1133 hoc
1303 1082 1516 1131 dicens:
1557 1080 1757 1131 ‘Unum
1798 1094 1991 1131 sumus
2030 1083 2196 1130 ambo
2234 1087 2287 1131 et
2324 1080 2507 1138 idem'.
2548 1096 2692 1144 quae

1073 1170 1434 1229 Ingeminans
1471 1176 1664 1217 saneto
1703 1169 1985 1229 placidam
2022 1169 2100 1217 sic
2138 1170 2337 1218 ordine
2375 1170 2660 1230 complens

1077 1257 1286 1317 Finem,
1325 1257 1655 1317 euangelio«,
1693 1256 1871 1305 vitam
1907 1257 1965 1304 in
2005 1270 2261 1305 sermone
2300 1256 2522 1305 refudit.

763 1382 936 1442 Tum
982 1384 1052 1441 in
1101 1380 1303 1459 pede
1350 1380 1610 1459 primo
1663 1414 1732 1423 -
1794 1382 1929 1440 iam
1980 1381 2064 1441 ad
2126 1379 2477 1441 ineuntem
2542 1381 3019 1443 hexametrum
3082 1392 3253 1443 trac·

553 1486 837 1546 tandum
919 1483 1410 1562 aggrediamur
1506 1517 1578 1526 —
1673 1484 2106 1545 enuntiatum
2198 1499 2535 1563 persaepe
2614 1485 2891 1561 quidem
2972 1485 3247 1559 finitum

549 1590 672 1650 sed
733 1607 941 1667 supra
1005 1590 1696 1649 commemoravimus
1761 1588 2039 1666 poetam
2092 1596 2165 1649 ut
2216 1592 2553 1650 sententia
2620 1588 2839 1651 verbo
2910 1590 3251 1668 dactylico

549 1694 988 1755 clauderetur
1033 1692 1400 1755 studuisse.

751 1798 978 1876 Atque
1042 1799 1265 1875 primo
1343 1797 1673 1859 trochaeo
1723 1794 2043 1858 XXXII¹⁶⁸
2110 1798 2527 1859 sententiam
2598 1798 2789 1859 finiri
2856 1815 3099 1877 passus
3148 1808 3253 1859 est

547 1921 769 1981 neque
835 1902 1158 1979 graviore
1226 1904 1784 1980 interpunctione
1857 1902 2205 1979 abstinuit,
2275 1902 2355 1963 cf.
2424 1901 2597 1977 XIX,
2666 1908 2819 1975 506;
2886 1902 3025 1979 XX,
3092 1906 3247 1965 424:

547 2006 816 2083 XXVII,
869 2012 985 2064 116
1039 2006 1120 2067 al.

753 2110 1185 2190 Semipedem
1233 2116 1458 2171 autem
1523 2110 1824 2188 primum
1873 2110 2434 2188 interpunctione
2482 2130 2517 2171 a
2566 2112 2811 2171 ceteris
2861 2112 3248 2172 seiunctum

549 2222 908 2277 venustate
943 2233 1176 2277 carere
1211 2232 1350 2277 non
1386 2214 1732 2276 dubitabis
1767 2214 2028 2285 dicere;
2080 2233 2117 2275 a
2149 2232 2283 2293 qua
2330 2215 2893 2293 interpunctione
2928 2217 3037 2277 vel
3073 2216 3245 2277 Pau-

546 2323 727 2384 linus
794 2321 1071 2399 refugit.
1139 2320 1312 2381 Nam
1361 2320 1432 2381 in
1485 2320 1569 2380 iis
1602 2321 1946 2396 versibus,
1998 2322 2067 2382 in
2102 2320 2357 2398 quibus
2390 2323 2671 2398 gravius
2706 2322 3232 2399 interpungitur

547 2427 832 2487 elisione
881 2424 1316 2503 impedimur,
1365 2427 1735 2503 quominus
1783 2428 2226 2506 respiremUS,
2276 2426 2348 2487 id
2396 2425 2585 2504 quod
2632 2425 2744 2487 fit:

961 2546 1160 2609 XVIII,
1200 2548 1292 2596 29:
1333 2546 1510 2595 Cedo:
1552 2546 1644 2595 alii
1686 2548 1935 2608 pretiosa
1971 2548 2155 2596 ferant
2194 2547 2429 2597 donaria
2468 2561 2685 2611 meque,

961 2635 1164 2699 XXIII,
1203 2636 1330 2684 280:
1374 2634 1589 2695 Fixum,
1625 2636 1856 2696 impune
1895 2635 1991 2684 diu
2032 2642 2253 2683 tenuem
2292 2635 2554 2696 pressisse
2593 2635 2835 2697 metallo,

961 2722 1150 2784 xxv1,
1189 2724 1315 2769 412:
1361 2722 1610 2769 Flamma
1651 2728 1704 2770 et
1744 2728 2073 2783 consumpto
2112 2728 2426 2771 moreretur
2461 2722 2736 2783 languida
2772 2728 2951 2782 pastu.

743 2828 1102 2889 Praeterea
1150 2829 1218 2887 in
1267 2828 1404 2887 arsi
1452 2826 1710 2888 altera
1755 2824 2189 2889 CLXXXII¹⁰⁸
2234 2826 2489 2905 legitur
2537 2828 3021 2906 interpunctio.

745 2934 1039 2993 Gravius
1089 2930 1413 3009 feremuS,
1465 2949 1754 2993 versus
1805 2931 2053 2994 finem
2103 2931 2259 2993 fieri
2306 2935 2488 2993 inter
2542 2932 3127 3011 praepositionem
3176 2942 3247 2993 et

543 3038 1048 3098 substantivum
1115 3036 1222 3095 vel
1289 3038 1468 3097 inter
1541 3038 1752 3099 verba
1817 3046 1962 3099 arte
2010 3037 2464 3099 cohaerentia.
2527 3037 2716 3107 Quae
2763 3036 3054 3111 licentia,
3106 3055 3245 3115 qua

543 3140 865 3203 Paulinus
930 3141 1000 3199 iu
1067 3156 1275 3201 versu
1340 3139 1480 3215 XV,
1549 3148 1624 3201 12
1693 3159 1858 3202 usus
1907 3148 2029 3218 est,
2080 3140 2275 3204 facile
2341 3146 2711 3203 excusatur
2756 3142 3001 3201 iterata
3052 3158 3247 3219 prae-

542 3247 914 3323 positione:

1159 3348 1266 3395 Pro
1305 3348 1519 3397 cunctis
1556 3348 1755 3409 opibus
1796 3347 2123 3409 cunctisque
2164 3349 2458 3398 affectibus
2496 3356 2547 3397 et
2588 3362 2691 3410 pro

1159 3434 1445 3484 nobilibus
1484 3435 1660 3484 titulis

537 3562 754 3629 Quem
805 3576 1082 3618 versum
1134 3566 1290 3636 apte
1339 3560 1654 3620 conferre
1703 3576 2076 3637 possumus
2126 3576 2279 3619 cum
2330 3560 2467 3619 his:

957 3660 1060 3725 111,
1098 3664 1156 3708 -ιε
1198 3660 1480 3721 Regnatas
1517 3661 1727 3717 multia,
1766 3676 1904 3724 quos
1944 3663 2093 3710 fama
2131 3661 2415 3709 oblitterat
2456 3668 2508 3709 et
2550 3676 2703 3723 quos,

956 3750 1014 3804 V,
1053 3750 1144 3797 55:
1185 3748 1238 3795 Si
1278 3750 1487 3797 scelere
1525 3748 1778 3797 abstineo
1818 3749 1997 3797 errori
2036 3748 2313 3797 obnoxius
2350 3753 2404 3797 et
2440 3749 2504 3810 si,

953 3834 1155 3900 XXIII,
1195 3836 1321 3885 2763
1359 3834 1482 3891 Qua
1520 3836 1722 3896 pituita
1762 3836 1954 3897 gravis
1992 3836 2138 3897 pilus
2180 3836 2552 3884 intolerabilis
2589 3842 2642 3884 et
2680 3850 2809 3897 qua,

949 3922 1155 3986 XXIII,
1191 3922 1316 3971 292:
1359 3922 1582 3971 Perdita
1621 3924 1861 3971 caecatis
1897 3922 1994 3984 qui
2031 3922 2249 3971 lumina
2285 3922 2532 3971 reddidit
2568 3928 2623 3971 et
2660 3922 2774 3983 qui,

960 4008 1153 4073 XXXI,
1197 4012 1320 4058 167:
1361 4010 1512 4071 Ergo
1550 4017 1734 4059 tenete
1771 4010 1959 4073 fidem,
1998 4023 2166 4071 quam
2196 4010 2437 4069 cernitiS,
2474 4010 2705 4070 insuper
2742 4016 2794 4058 et
2835 4024 3021 4070 quam.

1189 4098 1309 4145 185:
1350 4098 1520 4161 Quae,
1561 4112 1715 4162 rogo,
1755 4097 2037 4147 sufficient
2075 4098 2235 4147 nobis
2273 4097 2481 4146 solacia
2520 4098 2603 4145 vel
2646 4111 2806 4159 quae.

535 4200 784 4261 Videas
842 4217 1100 4277 quaeso
1153 4201 1524 4262 verborum
1589 4201 2146 4277 collocationem;
2218 4202 2453 4263 eadem
2502 4210 2616 4262 aut
2682 4204 2749 4261 in
2820 4205 3100 4261 ineunte
3167 4214 3232 4261 et

531 4312 822 4365 exeunte
867 4320 1074 4365 versu
1125 4311 1240 4365 aut
1285 4305 1355 4365 in
1397 4308 1594 4366 initio
1629 4312 1694 4366 et
1743 4307 1883 4367 fine
1918 4308 2199 4368 alterius
2232 4309 2449 4385 partis
2483 4306 2614 4365 sibi
2649 4317 3111 4383 opponuntur.

733 4408 876 4468 Iam
945 4407 1030 4468 ad
1097 4412 1592 4471 sententiarum
1657 4410 2001 4472 clausulas
2065 4414 2301 4472 metri
2352 4410 2674 4471 iambici
2740 4410 3234 4471 examinandas

529 4524 974 4574 transeamus
1009 4512 1231 4592 Supra
1251 4522 1391 4576 tres
1414 4532 1656 4577 versus
1681 4514 1782 4593 (X,
1821 4520 1933 4591 373
1960 4514 2197 4593 XXIV,
2235 4520 2351 4575 1157
2372 4536 2387 4590 ;
2414 4514 2650 4590 XXIV,
2686 4514 2838 4591 492)
2860 4514 3232 4587 attulimuS,

530 4618 598 4677 in
648 4634 945 4695 quorum
1011 4618 1151 4679 fine
1198 4620 1536 4699 particula
1583 4626 1638 4679 ct
1683 4628 1927 4682 exstat.
1974 4620 2397 4690 Quibuscum
2462 4619 2785 4681 versibus
2838 4626 2992 4698 apte
3046 4636 3231 4678 eom-

528 4728 882 4799 ponuntur
945 4722 1160 4785 verba
1207 4728 1424 4786 sancti
1471 4726 1661 4786 Pauli
1711 4725 1897 4803 (Cor.
1942 4723 1995 4800 I,
2043 4726 2173 4803 27),
2241 4742 2417 4803 quae
2466 4724 2693 4786 adfert
2742 4723 3071 4785 Paulinus
3120 4722 3228 4783 his

528 4825 846 4887 versibus
865 4847 877 4887 ε
