3567 5109
1459 314 1889 377 -39-

327 508 438 587 (II,
494 516 544 581 1,
595 512 662 583 2;
715 508 834 583 IV,
891 508 1066 580 VIII,
1121 514 1176 583 3,
1227 516 1258 569 9
1311 508 1447 586 al.);
1496 508 1552 569 si
1601 526 1768 569 vero
1818 515 2045 571 exstat
2091 508 2659 588 semiseptenaria
2705 509 3023 590 dactylus

325 630 526 693 saepe
572 614 890 693 sequitur
934 615 1188 675 tertio
1236 612 1392 675 loco
1441 612 1556 691 (II,
1607 618 1671 689 33
1717 613 1949 674 XXIII
2000 621 2027 673 1
2080 613 2195 690 al.;
2244 613 2448 689 XXX,
2497 614 2577 692 2).

529 718 609 779 In
668 718 844 797 pede
897 725 1126 781 autem
1181 719 1470 797 quinto
1521 718 1938 797 spondeus
1994 718 2067 779 in
2115 717 2225 781 his
2275 719 2655 781 carminum
2704 720 3022 783 versibus

323 823 705 885 invenitur:
756 823 846 897 ΙΙ,
900 829 1004 899 11;
1052 823 1132 897 Χ,
1183 826 1338 900 203;
1388 826 1544 899 253;
1597 822 1768 893 XIV,
1821 830 1928 900 84;
1985 822 2123 899 XV,
2166 830 2328 900 -181;
2377 824 2551 899 XVI,
2588 830 2741 899 118;
2782 824 3023 901 XVIII,

329 934 437 1002 333
510 934 662 1003 1223
731 932 887 1004 3703
960 934 1115 1004 4143
1167 928 1339 999 XIX,
1409 932 1516 1001 74;
1567 930 1716 1001 3123
1781 927 1923 1001 XX,
1972 930 2129 1003 2743
2200 928 2377 1001 XXI,
2426 934 2578 1005 4433
2644 936 2795 1006 4613
2863 936 3019 1006 5113

325 1038 480 1102 5683
547 1030 758 1107 XXII,
813 1038 960 1108 1553
1023 1031 1274 1105 XXIII,
1325 1036 1479 1107 1353
1554 1036 1702 1108 1733
1771 1037 1921 1108 1753
1986 1031 2187 1108 XXV,
2253 1039 2359 1107 893
2408 1036 2565 1105 2213
2631 1032 2866 1117 XXVI,
2917 1041 3023 1112 19;

324 1136 596 1209 XXVII,
646 1142 758 1211 933
828 1135 1137 1211 XXVIII,
1189 1140 1299 1213 673
1355 1144 1462 1213 913
1510 1140 1662 1213 2023
1729 1140 1885 1211 252;
1935 1136 2009 1198 in
2055 1137 2251 1216 epist.
2318 1142 2419 1214 48,
2476 1144 2539 1214 73
2588 1142 2689 1210 49,
2744 1142 2859 1215 233
2922 1146 3024 1214 50,

329 1246 437 1317 57;
489 1244 590 1315 51,
639 1248 739 1303 91.

531 1347 636 1407 Ex
714 1346 968 1426 quibus
1042 1347 1363 1409 versibus
1439 1352 1628 1409 certe
1691 1348 1762 1407 in
1829 1364 1969 1408 11110
2035 1346 2405 1410 Paulinum
2468 1348 2809 1431 imitatum
2872 1367 3023 1412 esse

325 1448 711 1528 Vergilium
757 1451 960 1516 facile
1007 1469 1410 1530 cognosces,
1457 1452 1612 1514 dico
1661 1470 1945 1514 versum
1990 1452 2235 1527 XVIII,
2286 1460 2397 1514 33:

1050 1575 1112 1624 hi
1149 1577 1302 1625 leves
1339 1576 1536 1626 tltulos
1573 1575 1724 1625 lento
1761 1576 1989 1637 poliunt
2026 1580 2279 1639 argent0,

325 1697 755 1760 simillimum
800 1702 1052 1775 versui,
1100 1700 1222 1779 qui
1270 1699 1455 1779 apud
1503 1700 1889 1778 Vergilium
1934 1700 2213 1779 legitur,
2260 1700 2428 1762 Aen.
2477 1701 2624 1777 VII,
2675 1708 2829 1763 634:

1053 1826 1148 1871 aut
1183 1822 1338 1873 leves
1373 1834 1569 1873 ocreas
1605 1822 1760 1871 lento
1800 1820 2017 1871 ducunt
2049 1826 2296 1884 argento.

325 1942 406 2003 In
493 1960 706 2005 versu
793 1950 1023 2006 autem
1093 1943 1231 2021 XV,
1310 1950 1429 2003 181
1521 1943 1907 2024 spondeum
1985 1943 2055 2005 in
2135 1944 2381 2021 quinto
2461 1944 2637 2022 pede
2715 1947 3023 2023 positum

323 2064 693 2110 removere
769 2054 1053 2110 conatus
1133 2054 1236 2110 est
1302 2047 1802 2113 ChatelainiuS.
1892 2048 2263 2110 Lebrunus
2327 2048 2514 2110 enim
2580 2066 2666 2111 ex
2744 2051 3023 2130 optimis

324 2153 528 2215 libris
575 2172 787 2215 manu
833 2154 1115 2233 scriptis
1161 2154 1314 2215 loco
1363 2154 1686 2232 vulgatae
1734 2152 2087 2215 lectionis:

915 2279 1152 2337 temptat
1189 2281 1242 2325 et
1278 2276 1338 2324 in
1375 2279 1614 2325 mortem
1653 2286 1971 2337 poenarum
2008 2274 2299 2336 gressibus
2335 2274 2451 2324 61111

327 2382 506 2444 hanc
551 2381 921 2444 lectionem
968 2382 1390 2444 enucleavit:

883 2508 1120 2567 temptat
1155 2508 1210 2555 et
1245 2505 1304 2553 in
1343 2507 1580 2554 mortem
1618 2504 1805 2570 surgit
1839 2504 2116 2570 gradibus
2153 2512 2486 2565 poenarum.

327 2608 796 2671 Chatelainius
829 2616 1075 2687 autem,
1124 2628 1279 2673 cum
1312 2600 1586 2671 codices
1620 2608 2025 2670 exhibeant:
2075 2607 2133 2669 G
2166 2608 2225 2669 R
2270 2605 2439 2689 urqit
2485 2611 2551 2669 et
2582 2608 2637 2669 A
2668 2608 2723 2668 B
2773 2607 2831 2669 G
2878 2607 2937 2680 Q
2966 2609 3025 2673 R

320 2710 760 2794 madibusque,
807 2715 1178 2793 legendum
1225 2731 1377 2775 esse
1427 2714 1723 2776 censuit:

884 2840 1118 2899 temptat
1154 2840 1210 2886 et
1243 2838 1305 2885 in
1345 2841 1551 2897 mortes
1587 2840 1750 2899 urget
1788 2836 2177 2899 gradibusque
2214 2836 2452 2897 perurit.

327 2958 462 3021 Sed
538 2959 687 3037 ipse
763 2959 917 3020 iure
990 2959 1168 3021 hanc
1245 2960 1613 3021 lectionem
1691 2958 1996 3036 reliquit.
2060 2958 2229 3019 Nam
2293 2974 2506 3036 supra
2568 2957 3025 3034 cognovimus

329 3060 600 3124 Paulini
647 3082 870 3137 usum,
917 3081 1002 3125 ex
1052 3082 1191 3143 quo
1224 3064 1610 3143 spondeum
1657 3063 1746 3124 ad
1794 3062 2179 3141 augendam
2220 3060 2563 3123 sermonis
2611 3055 3022 3139 gravitatem

327 3168 611 3230 adhibet
658 3167 770 3245 (cf.
819 3168 1098 3243 Hartel.,
1143 3187 1208 3247 p.
1264 3168 1390 3245 56).
2746 3163 2753 3171 ’

535 3273 870 3337 Similiter
917 3273 1230 3355 spondeo
1278 3292 1480 3335 usum
1526 3290 1678 3335 esse
1724 3275 2023 3353 poetam,
2071 3278 2148 3333 111
2195 3272 2611 3334 sententiam
2644 3269 3025 3345 adiuvaret,

329 3397 528 3441 nemo
578 3380 856 3457 negabit
904 3381 974 3440 in
1021 3379 1131 3439 his
1175 3378 1522 3441 versibus:

537 3500 684 3561 XIV,
732 3502 827 3549 84:
867 3501 1068 3551 credas
1105 3502 1422 3551 innumeris
1459 3505 1524 3550 ut
1557 3501 1787 3549 moenia
1825 3500 2057 3549 dilatari

869 3588 1193 3651 hospitibus
1231 3622 1243 3635 .
1284 3625 1297 3636 .
1336 3623 1348 3636 .

537 3674 684 3736 XVI,
725 3678 850 3727 118;
891 3690 1003 3739 qua
1043 3678 1136 3725 vel
1176 3676 1324 3725 mole
1363 3676 1516 3739 putri
1555 3675 1647 3724 vel
1689 3676 1973 3724 araneolis
2012 3674 2291 3731 obductis,

537 3764 684 3819 xxi,
721 3766 851 3813 461:
891 3769 946 3813 et
979 3764 1178 3826 spatiis
1216 3765 1435 3825 amplas
1472 3768 1526 3813 et
1564 3763 1916 3813 culminibus
1951 3762 2243 3817 sublimes,

539 3846 710 3912 XXV,
749 3854 844 3901 89:
882 3851 979 3901 sed
1017 3864 1202 3912 neque
1239 3852 1328 3900 vel
1369 3852 1606 3913 proprio
1647 3864 1749 3913 per
1788 3850 2041 3912 corporis
2078 3849 2509 3907 incrementum,

537 3938 798 3999 XXVIII,
837 3941 966 3989 202:
1006 3944 1062 3988 61
1096 3939 1264 4001 spatii
1303 3952 1503 4001 cepere
1539 3946 1593 3989 et
1630 3939 1864 3991 luminis
1902 3938 2271 3987 incrementa.

327 4044 509 4125 Ipsis
592 4047 774 4106 enim
861 4044 1096 4129 verbis
1181 4050 1555 4107 excusatur
1636 4045 2022 4107 hexametri
2103 4042 2345 4111 forma.
2437 4041 2730 4107 Nomina
2796 4048 3026 4101 autem

327 4152 632 4230 propria,
682 4150 935 4229 quibus
984 4152 1327 4230 imprimis
1373 4153 1620 4230 poetae
1653 4149 1882 4211 Latini
1913 4167 1995 4211 ex
2033 4146 2282 4209 Catulli
2312 4145 2745 4225 temporibus
2778 4162 3026 4205 versus

329 4255 746 4333 spondiacos
855 4256 1272 4317 concludere
1382 4260 1916 4328 consueverunt,
2027 4252 2174 4313 sola
2280 4252 2449 4312 haec
2539 4249 3024 4311 inveniuntur:

331 4355 651 4440 Pyrenaei
699 4358 804 4437 (X,
854 4360 1026 4435 203),
1077 4360 1265 4437 quod
1313 4360 1497 4421 haud
1545 4377 1710 4420 raro
1757 4358 1942 4437 apud
1976 4357 2147 4417 alios
2180 4356 2416 4434 poetas
2450 4338 2764 4415 hocloco
2798 4356 3027 4413 exstat

335 4463 444 4541 (cf.
491 4464 744 4527 Lucan.
811 4464 863 4538 I,
931 4472 1084 4531 689;
1150 4466 1297 4528 Iuv,
1345 4464 1422 4539 X,
1475 4468 1623 4541 1543
1671 4463 1834 4523 Ans,
1901 4480 2004 4540 ep.
2052 4458 2286 4531 XXIV,
2354 4463 2431 4519 87
2450 4480 2465 4533 ;
2526 4464 2619 4517 16.
2670 4464 2775 4533 69;
2822 4456 3025 4530 XXV,

334 4569 440 4646 51)
475 4574 542 4631 et
573 4566 972 4651 Auyustc'nns
1006 4572 1136 4650 (ep.
1186 4576 1286 4645 48,
1320 4574 1355 4629 7
1369 4592 1384 4645 ;
1435 4576 1534 4645 49,
1569 4575 1683 4644 233
1737 4574 1835 4643 50,
1882 4567 2008 4645 57).
2042 4564 2335 4642 Reliqua
2368 4561 2603 4637 verba,
2638 4580 2723 4623 ex
2772 4560 3024 4640 quibus

333 4674 664 4765 Paulinus
713 4694 961 4739 versus
1010 4675 1431 4757 spondiacos
1481 4673 1734 4748 effecit,
1801 4670 2167 4735 conferens
2218 4686 2373 4736 cum
2420 4668 2523 4741 iis,
2590 4684 2765 4745 quae
2813 4664 3025 4727 ceteri

333 4784 580 4861 poetae
644 4782 1088 4857 adhibebant,
1151 4780 1474 4846 invenire
1537 4798 1676 4843 11011
1739 4794 2027 4861 possum
2092 4792 2250 4839 eum
2296 4774 2513 4837 verba
2559 4772 2643 4837 ab
2711 4770 2866 4837 aliis
2912 4768 3025 4835 ad-
