3567 5109
1670 262 2070 323 -g—

516 473 885 537 consentire
951 473 1031 536 de
1098 472 1450 555 lapidibuS,
1517 471 1716 555 ligno,
1782 472 2066 549 homine,
2133 492 2324 554 equo,
2383 491 2700 550 sermone,
2763 492 2932 554 quae
2989 472 3232 554 optime

514 580 771 643 noverit
801 579 1167 663 quibusque
1204 579 1399 644 rebus
1429 580 1669 662 optime
1712 580 2056 643 instituere
2094 580 2321 660 possit,
2361 577 2479 642 sed
2514 599 2598 643 ne
2634 579 2931 643 homines
2971 578 3234 662 quidem

517 708 716 751 sanos
764 693 831 750 et
876 707 1108 769 aegros
1158 687 1527 751 discernere
1586 708 1799 770 posse,
1855 685 2098 750 nedum
2145 723 2232 733 ——
2283 685 2464 769 quod
2510 684 2967 750 difficillimum
3014 688 3104 749 sit
3149 724 3232 732 -—

514 795 759 857 iustum
806 800 874 858 et
917 794 1261 875 iniustum3
1320 795 1520 857 immo
1578 794 1649 857 in
1694 794 1820 857 hac
1867 814 1938 857 re
1987 792 2304 876 populum
2351 794 2630 857 maxime
2679 792 3043 871 dissentire,
3101 814 3232 875 qua

518 900 599 963 de
642 892 863 964 ¹causa
922 901 1141 964 omnia
1205 899 1381 963 bella
1444 900 1621 963 oriri.
1716 898 1971 983 Quibus
2019 900 2418 981 argumentis
2465 898 2852 964 Alcibiades
2899 900 3236 964 convictus

518 1005 823 1070 concedit
871 1006 1190 1089 populum
1236 1028 1369 1071 non
1418 1028 1561 1071 esse
1609 1012 1836 1088 aptum
1893 1007 2296 1088 magistrum,
2355 1007 2469 1089 qui
2525 1028 2596 1071 se
2649 1006 2973 1085 instituat,
3029 1012 3100 1070 et
3141 1028 3233 1085 se,

518 1112 679 1194 quid
741 1114 984 1176 iustum
1050 1114 1137 1177 sit
1200 1119 1265 1177 et
1326 1114 1661 1192 iniustum,
1728 1112 2022 1176 nondum
2087 1112 2329 1178 habere
2395 1120 2800 1195 compertum
2868 1112 3234 1176 confitetur.

518 1219 808 1283 Stultum
862 1221 1063 1302 igitur
1110 1220 1364 1303 aliquid
1410 1219 1830 1285 Alcibiadem
1877 1220 2096 1283 animo
2147 1218 2422 1298 volvere,
2483 1241 2630 1283 cum
2685 1218 3024 1283 consulere
3079 1218 3235 1283 velit

514 1328 584 1389 in
632 1327 710 1389 iis
758 1326 971 1406 rebuS,
1023 1349 1186 1409 quas
1232 1328 1369 1409 ipse
1418 1348 1553 1390 non
1601 1328 1996 1408 cognoverit.

518 1504 610 1565 11.
663 1524 847 1583 cum,
899 1504 1084 1587 quid
1131 1503 1325 1568 utile
1374 1506 1496 1583 sit,
1548 1506 1854 1569 nesciat
1901 1512 2116 1568 ratus
2172 1505 2459 1568 iustum
2516 1503 2609 1567 ab
2667 1504 2849 1567 utili
2909 1502 3228 1568 differre

1586 1609 2172 1694 (1130—119A).

728 1750 1115 1817 Alcibiades
1161 1754 1231 1816 in
1276 1775 1345 1817 re
1396 1753 1661 1836 publica
1702 1776 1854 1818 raro
1891 1754 2132 1817 iustum
2175 1753 2299 1834 agi,
2339 1752 2456 1817 sed
2491 1752 2650 1817 utile
2692 1753 3016 1831 adfirmat,
3058 1752 3234 1835 quod

518 1859 653 1921 sine.
704 1858 901 1923 dubio
951 1880 1084 1923 non
1128 1859 1305 1923 idem
1354 1861 1457 1939 sit,
1511 1883 1657 1924 cum
1706 1860 1927 1924 multis
1983 1881 2262 1941 magnae
2317 1860 2596 1923 iniuriae
2655 1861 3002 1923 maximam
3057 1859 3233 1923 mih·-

515 1971 717 2029 tatem
768 1964 1127 2044 attulerint,
1183 1968 1437 2031 iustitia
1485 1968 1816 2031 damnum.
1910 1968 2056 2031 Iam
2103 1966 2412 2031 Socrates
2459 1966 2880 2031 Alcibiadem
2937 1987 3019 2030 ne
3075 1965 3232 2030 utile

519 2070 781 2153 quidem
830 2073 1211 2153 cognovisse
1262 2073 1667 2138 contendens
1722 2074 2046 2152 hortatur,
2103 2081 2177 2137 ut
2233 2081 2346 2137 aut
2401 2074 2709 2138 continua
2771 2075 3068 2137 oratione
3119 2081 3237 2137 aut-

515 2180 985 2260 interrogando
1036 2186 1099 2243 et
1145 2180 1607 2262 respondendo
1662 2179 1824 2244 utile
1882 2181 2205 2244 diversum
2264 2202 2405 2244 esse
2461 2180 2545 2245 ab
2601 2182 2775 2245 iusto
2833 2181 3233 2263 argumentis

518 2284 919 2369 comprobet.
960 2284 1145 2369 Quae
1178 2308 1325 2350 cum
1346 2285 1752 2363 Alcibiades,
1787 2308 1870 2350 an
1901 2286 2158 2351 efficere
2189 2309 2320 2351 non
2351 2289 2576 2370 possit,
2608 2288 2863 2351 dubitet
2888 2325 2974 2335 —-
3007 2308 3234 2368 quam-

518 2414 713 2475 quam
754 2414 792 2455 a
823 2390 1097 2458 Socrate
1138 2392 1411 2457 docet-ur
1446 2392 1611 2456 nihil
1647 2395 1983 2472 interesse,
2021 2402 2238 2457 utrum
2267 2416 2468 2458 unum
2499 2416 2583 2458 an
2611 2394 2854 2458 multos
2885 2394 3122 2459 doceat
3149 2432 3232 2439 —

518 2500 826 2563 Socrates
876 2520 943 2561 se
992 2506 1297 2581 paratum
1344 2520 1485 2563 esse
1536 2499 1696 2563 dicit
1750 2500 1838 2564 ad
1887 2501 2286 2564 contrariam
2339 2502 2728 2565 sententiam
2785 2500 3232 2577 evincendam,

516 2605 677 2669 utile
725 2606 897 2669 idem
946 2627 1087 2670 esse
1135 2628 1211 2670 ac
1260 2608 1522 2684 iustum,
1574 2606 1753 2687 quod
1803 2607 2051 2689 duplici
2097 2609 2352 2671 ratione
2402 2607 2836 2672 demonstrat:

737 2716 791 2779 1.
854 2712 1233 2795 „Quidquid
1280 2715 1523 2776 iustum
1572 2721 1691 2793 est,
1738 2714 1914 2778 idem
1959 2714 2306 2779 honestum
2357 2721 2676 2779 censetur.
2773 2716 2970 2797 Quod
3017 2721 3236 2779 autem

514 2820 859 2883 honestum
909 2828 1027 2898 est,
1085 2820 1259 2883 idem
1308 2820 1573 2885 bonum.
1666 2820 1842 2885 Nam
1909 2843 2306 2903 quamquam
2373 2843 2492 2903 pro
2557 2822 2738 2885 varia
2791 2823 3049 2886 ratione
3099 2843 3237 2885 una

489 2926 873 3007 ¹eademque
916 2947 1017 2989 res
1058 2934 1123 2990 et
1160 2925 1335 2991 bona
1375 2934 1441 2991 et
1478 2928 1653 2992 mala
1690 2928 1896 2992 videri
1937 2936 2174 3012 potest,
2217 2928 2414 2992 veluti
2455 2950 2600 2992 cum
2643 2930 2790 3011 quis
2829 2928 3234 3005 fortitudine,

518 3053 686 3114 quae
746 3053 863 3113 per
918 3055 987 3096 se
1045 3041 1145 3097 est
1198 3034 1374 3098 bona
1432 3040 1497 3098 et
1551 3035 1848 3113 honesta,
1918 3042 2190 3099 mortem
2249 3034 2372 3099 sibi
2427 3034 2771 3114 accelerat,
2829 3035 2898 3099 id
2947 3035 3124 3117 quod
3168 3036 3237 3098 in

516 3139 705 3203 malis
769 3148 1171 3219 numeratur,
1240 3148 1461 3205 tamen
1531 3148 1856 3225 quatenus
1916 3142 2074 3225 quid
2130 3142 2476 3205 honestum
2533 3149 2648 3221 est,
2715 3149 2985 3206 eatenus
3041 3142 3237 3206 etiam

516 3248 581 3309 in
630 3245 821 3310 bonis
871 3246 1151 3310 ducitur.
1246 3248 1355 3312 Ita
1402 3248 1719 3313 fort-itudo
1767 3270 1888 3331 per
1935 3271 1999 3311 se
2050 3248 2224 3313 bona
2281 3255 2400 3327 est,
2459 3249 2626 3313 adeo
2682 3257 2757 3312 ut
2811 3270 3002 3313 nemo
3061 3248 3238 3331 quis-

518 3376 715 3435 quam
762 3353 987 3436 paullo
1030 3354 1360 3418 cordat-ior
1398 3376 1543 3419 eam
1584 3355 1687 3418 vel
1729 3378 1876 3419 cuni
1913 3356 2060 3437 ipsa
2098 3356 2234 3419 vita
2273 3356 2432 3419 velit
2467 3363 2870 3438 permutare3
2919 3356 3240 3419 timiditas

516 3468 736 3524 autem
786 3467 853 3525 et
896 3462 1162 3545 ignavia
1215 3462 1509 3525 maximis
1550 3462 1740 3526 malis
1780 3462 2269 3542 adnumeratur,
2313 3484 2522 3545 eoque
2561 3462 2652 3543 fit,
2691 3470 2767 3527 ut
2802 3463 2974 3526 hauc
3014 3484 3238 3526 omnes

514 3578 914 3649 aversentur,
964 3569 1165 3649 illam,
1217 3572 1512 3652 quamvis
1560 3592 2031 3653 saepenumero
2082 3593 2226 3633 cum
2277 3572 2448 3635 vitae
2494 3572 2750 3635 iactura
2798 3572 3236 3645 coniunctam,

515 3676 741 3741 colant
780 3686 979 3760 atque
1022 3680 1241 3760 magni
1280 3678 1548 3741 faciant.
1616 3679 1721 3742 Ex
1760 3700 1889 3760 quo
1931 3679 2356 3759 consequitur
2391 3679 2562 3741 iusta
2603 3678 2822 3741 omnia
2861 3698 3002 3741 esse.
3039 3676 3235 3753 bona,

512 3806 727 3866 neque
780 3785 1135 3849 bonitatem
1186 3792 1382 3866 atque
1432 3784 1845 3848 honestatem
1895 3786 2148 3867 seiungi
2205 3808 2244 3848 a
2301 3808 2368 3848 se
2425 3786 2702 3847 invicem
2760 3792 2956 3866 atque
3015 3782 3236 3847 divelli

515 3898 770 3973 p‹›sse.“
826 3888 1418 3975 (114E—116A.)
1464 3889 2114 3973 (Stallbaumius.)
2989 3886 2998 3896 ’

732 4003 792 4062 2.
841 3998 1103 4062 Deinde
1144 3998 1353 4062 altero
1394 3999 1587 4062 inodo
1628 3998 1938 4063 Socrates
1975 4000 2367 4064 sententiam
2407 4020 2591 4061 suam
2631 3998 3001 4061 confirmat:
3045 3996 3237 4079 Quis-

516 4106 661 4186 quis
716 4106 785 4169 εἶν
841 4109 1086 4187 πράττει
1144 4106 1308 4168 bene
1368 4106 1505 4187 agit
1560 4115 1627 4169 et
1680 4106 1844 4169 bene
1905 4106 2159 4187 agendo
2219 4106 2376 4169 felix
2431 4113 2530 4167 est
2585 4104 2930 4185 possidens
2985 4103 3237 4186 aliquid

512 4212 689 4289 boni,
732 4212 911 4293 quod
946 4210 1169 4275 taliter
1206 4212 1331 4295 (εὖ)
1372 4212 1628 4293 agendo
1668 4212 1793 4275 sibi
1831 4213 2258 4293 comparavit.
2320 4211 2512 4275 Unde.
2561 4211 2845 4275 efficitur
2891 4209 3235 4293 pulchrum

516 4326 579 4382 et
628 4318 874 4383 bonum
922 4319 1095 4383 idem
1146 4340 1307 4383 esse.
1402 4319 1549 4383 Iam
1599 4320 2086 4383 demonstratur
2132 4320 2372 4381 iustum
2421 4317 2578 4381 utile
2627 4339 2797 4381 esse:
2855 4339 3010 4381 nam
3061 4317 3237 4399 quod

514 4427 757 4488 iustum
798 4432 913 4501 est,
955 4426 1129 4489 ide-ln
1169 4425 1517 4508 pulchrum
1558 4448 1697 4489 esse
1736 4425 2010 4502 videtur,
2054 4424 2396 4506 pulchrum
2431 4431 2650 4487 autem
2681 4447 2826 4487 cum
2858 4425 2942 4487 sit
2970 4423 3236 4501 bonum,

516 4533 759 4595 bonum
809 4532 989 4609 utile,
1040 4533 1336 4613 sequitur
1383 4534 1626 4595 iustum
1675 4532 1874 4594 etiam
1924 4531 2081 4593 utile
2131 4553 2290 4593 esse.

730 4640 879 4721 Qua
924 4640 1490 4720 argumentatione
1533 4640 1619 4701 ad
1656 4638 1852 4701 finem
1894 4638 2184 4701 adducta
2221 4634 2609 4700 Alcibiades
2649 4658 2716 4699 se
2755 4637 2990 4699 mirum
3031 4657 3239 4718 quan-

512 4752 653 4809 tum
699 4744 941 4809 iudicio
990 4744 1307 4807 fluctuare
1358 4744 1536 4823 dicit,
1580 4766 1725 4807 cum
1774 4744 1969 4807 modo
2017 4744 2161 4822 hoe,
2211 4743 2408 4807 inodo
2454 4741 2618 4806 illud
2667 4741 2789 4805 sibi
2838 4762 3059 4805 verum
3099 4762 3239 4805 esse
