3567 5109
1440 263 1913 327 -175—

329 450 645 517 Graecum
733 472 1075 516 sermonem
1162 451 1514 539 praecipue
1580 453 1890 538 pertinet:
1980 475 2127 517 nam
2198 463 2255 516 et
2316 455 2598 518 mamima
2674 477 2751 519 σω
2833 467 3033 542 parte

323 555 658 621 Romanus
739 555 888 619 inde
971 577 1305 620 conversus
1386 567 1477 620 est
1585 566 1644 619 et
1725 556 2030 644 confessis
2114 579 2356 644 quoqu-e
2449 558 2713 624 Graecis
2795 565 3037 625 utimur

319 662 546 742 verbis,
631 660 742 724 ubi
801 669 1018 724 nostra
1073 660 1314 741 desunt,
1381 663 1544 724 sicut
1605 661 1706 725 illi
1750 685 1795 724 a
1858 661 2035 726 nobis
2098 685 2570 750 nonnumquam
2642 675 3033 732 mutuantur.

319 769 356 832 1
403 773 500 848 12,
551 777 584 830 6
633 775 690 828 et
746 789 885 829 cum
931 765 1184 830 Latinis
1227 763 1610 830 studebimus
1661 767 1909 847 litteris,
1960 789 2084 831 non
2130 768 2547 854 respiciamus
2590 769 2677 832 ad
2725 769 3035 852 Graecas,

321 880 380 934 et
423 880 496 934 ut
540 869 728 934 semel
759 869 1005 956 finiam,
1054 869 1220 935 nihil
1242 872 1584 957 faciamus
1627 873 1764 936 nisi
1802 873 2253 937 novissimum?

528 982 631 1044 Ex
666 981 917 1060 quibus
951 982 1287 1060 exemplis
1323 985 1670 1060 quoniam,
1719 1000 1895 1061 quae
1929 983 2410 1047 demonstrare
2444 986 2650 1061 volui,
2681 994 3035 1066 apparent,

322 1086 410 1148 ad
457 1087 654 1148 aliam
702 1105 849 1149 rem
895 1087 1228 1171 transibO.
1278 1087 1540 1150 Auctor
1587 1089 1768 1150 enim
1816 1088 1935 1150 ille
1980 1089 2305 1166 incertus,
2354 1090 2474 1170 qui
2522 1091 2608 1152 ad
2656 1090 2728 1153 C.
2776 1092 3031 1154 Heren-

323 1193 514 1254 nium
571 1193 874 1272 seripsit,
929 1193 1295 1272 scriptoris
1354 1191 1600 1255 Graeci
1645 1211 1901 1256 nomen
1947 1212 2291 1273 nusquam
2342 1193 2573 1258 affert.
2640 1194 2792 1267 Qua
2839 1199 2908 1258 in
2958 1215 3033 1258 re

321 1297 505 1358 inter
569 1297 896 1362 Latinum
959 1300 1314 1361 rhetorem
1359 1297 1556 1360 illum
1621 1305 1689 1362 et
1735 1299 2243 1370 Quintilianum
2306 1301 2681 1382 plurimum
2729 1303 3034 1365 interest.

321 1401 491 1462 Nam
549 1401 1017 1474 Quintilianus
1063 1401 1279 1465 multa
1328 1403 1590 1465 Graeca
1648 1404 1986 1484 exempla,
2046 1422 2222 1484 quae
2278 1403 2509 1480 affert,
2558 1425 2697 1468 non
2762 1404 3035 1486 profert

323 1511 677 1585 tamquam
710 1526 788 1572 ea
834 1526 958 1571 sua
1001 1509 1332 1586 Minerva,
1381 1514 1457 1570 ut
1501 1509 1598 1571 ita
1645 1508 1888 1587 dicam,
1934 1509 2245 1581 finxerit,
2293 1509 2416 1574 sed
2450 1509 2757 1574 Graecos
2804 1510 3034 1573 fontes

325 1628 660 1691 persaepe
718 1613 1055 1675 nominat.
1143 1611 1483 1676 Conferas
1537 1615 1742 1676 velim
1800 1615 1972 1678 Inst.
2020 1633 2120 1680 or.
2165 1616 2199 1677 I
2251 1622 2305 1693 1,
2357 1622 2390 1676 9
2440 1634 2551 1676 nec
2596 1611 2811 1676 minus
2855 1635 3038 1678 error

322 1734 536 1776 eorum
583 1713 1148 1802 (paedaqoqorum)
1195 1724 1371 1778 nocet
1401 1715 1684 1778 moribus
1729 1716 1770 1800 (
1763 1715 2225 1802 discipulorum
2216 1717 2292 1802 ):
2337 1717 2397 1779 si
2440 1715 2697 1805 quidem
2726 1717 3039 1782 Leonides

323 1817 694 1882 Alemandri
753 1818 1185 1906 paedayoqus,
1247 1827 1322 1886 ut
1383 1843 1428 1883 a
1492 1819 1851 1906 Babylonio
1913 1821 2200 1908 Diogene
2264 1821 2572 1903 traditur,
2651 1823 3029 1911 quibusdam

323 1943 470 1985 eum
501 1922 680 1988 vitiis
723 1923 970 2006 imbuit,
1020 1948 1182 2014 quae
1212 1925 1536 1990 robustum
1584 1947 1835 2014 quoque
1881 1935 1943 1990 et
1988 1927 2118 1990 iam
2146 1927 2503 1991 maximum
2546 1949 2749 2014 reqem
2780 1929 2863 1993 ab
2907 1929 3035 1993 illa

325 2027 724 2093 institutione
757 2029 1008 2115 puerili
1053 2041 1203 2094 sunt
1238 2040 1597 2117 persecuta.

533 2136 899 2202 Praeterea
931 2123 1400 2212 Quintilianus
1450 2157 1594 2202 non
1640 2145 1718 2202 ut
1762 2139 1994 2202 Latini
2037 2139 2360 2204 rhetores
2392 2141 2638 2204 Graeci
2671 2144 3033 2223 scriptoris

326 2260 579 2306 nomen
617 2249 1006 2326 „tamquam
1039 2245 1444 2326 scopulum”
1482 2245 1680 2324 fugit,
1714 2246 1837 2308 sed
1871 2246 2060 2327 apud
2092 2265 2248 2310 eum
2280 2241 2640 2322 Aeschines,
2670 2242 3033 2328 Aeschylus,

327 2343 630 2430 Aesopus,
675 2345 1128 2432 Anaaeaqoras,
1176 2347 1626 2429 Anaximenes,
1675 2347 2030 2432 Antiphon,
2088 2346 2543 2431 Apollodorus,
2587 2345 3032 2428 Archilochus,

324 2447 746 2532 Archimedes,
795 2453 1142 2538 Archytas,
1187 2452 1584 2538 Aristippus,
1633 2450 2123 2538 Aristophanes,
2169 2451 2559 2531 Aristoteles,
2591 2451 3035 2532 Avistoaeenus,

324 2551 792 2636 Athenodorus,
849 2555 1306 2638 Callimachus,
1359 2557 1780 2644 Chrysippus,
1823 2556 2175 2638 Cleanthes,
2232 2557 2471 2638 Coram,
2528 2555 2773 2636 Crates,
2807 2556 3033 2642 Empe-

324 2653 548 2740 docles,
613 2659 932 2746 anhorus,
980 2661 1446 2744 Eratosthenes,
1512 2662 1920 2748 Euphorion,
1968 2663 2419 2746 Hes-mayoras,
2486 2661 2823 2741 Hesiodus,
2868 2661 3035 2748 Hip-

317 2773 648 2848 pocrates,
697 2767 1034 2850 Homerus,
1081 2767 1468 2854 Hyperides,
1511 2767 1758 2850 Isaeus,
1807 2766 2151 2840 Isocrates,
2184 2767 2565 2848 Menander,
2610 2766 3038 2847 Metrodorus,

323 2865 729 2956 Protaqoras,
809 2872 1219 2960 Pythaqoras‚
1295 2872 1679 2953 Simonides,
1760 2873 2149 2954 Theocritus,
2234 2873 2466 2948 Theon,
2550 2870 3037 2958 Theophrastus,

332 2972 786 3061 Theopompus,
824 2977 1240 3064 Thucydides,
1283 2979 1672 3064 '1²ima9enes,
1714 2977 1957 3058 Tisias,
1993 2978 2360 3062 Xenophon,
2395 2981 2595 3044 multi
2643 2979 2760 3042 alii
2794 2978 3037 3042 Graeci

325 3101 466 3145 non
514 3086 741 3148 solum
790 3090 1259 3164 nominantur,
1307 3086 1431 3149 sed
1479 3087 1690 3150 etiam
1733 3104 1977 3150 eorum
2012 3086 2229 3150 verba
2278 3103 2480 3166 saepe
2513 3086 2792 3148 nomine
2824 3084 3034 3148 allato

329 3185 760 3267 afferuntur;
806 3194 997 3272 quod
1043 3200 1288 3256 auctor
1334 3192 1421 3254 ad
1466 3193 1891 3254 Herennium
1938 3192 2224 3254 minime
2272 3191 2454 3255 fecit.

532 3294 764 3369 Quare
811 3316 1039 3378 neque
1069 3297 1420 3360 Iuvenalis
1468 3315 1694 3377 neque
1726 3297 2197 3368 Quintilianus
2246 3297 2407 3358 odio
2457 3296 2578 3358 illo
2612 3294 3035 3358 Graecorum

325 3400 875 3480 conflagrabant,
927 3421 1064 3483 quo
1131 3402 1359 3464 Latini
1403 3403 1726 3464 rhetores
1793 3401 2267 3464 conflammati
2331 3405 2551 3463 erant.
2633 3401 2735 3462 Ea
2810 3399 2881 3460 in
2958 3416 3036 3460 re

324 3507 673 3570 Iuvenalis
737 3515 802 3570 et
848 3507 1313 3579 Quintilianus
1362 3510 1828 3570 consentiunt.
1892 3507 2123 3578 Quare
2188 3510 2435 3568 neuter
2483 3522 2724 3566 eorum
2791 3503 3035 3565 eodem

325 3628 536 3674 sensu
585 3630 724 3691 quo
759 3613 1030 3675 Plotius
1064 3615 1350 3692 eiusque
1398 3619 1782 3675 sectatores
1828 3609 2044 3672 rhetor
2074 3606 2351 3671 Latinus
2400 3609 2736 3691 appellari
2784 3615 3035 3689 potest.
