3567 5109
1681 333 1752 344 —-
1855 296 2159 361 106-

699 483 766 532 de
805 485 896 534 Or.
939 485 1025 534 111
1067 488 1158 534 45:
1216 486 1408 549 Neque
1447 502 1584 537 vero
1645 489 1702 537 in
1761 489 1862 538 illo

561 567 738 617 altero
795 571 1010 621 (liutius
1068 585 1499 636 commoremur,
1557 579 1618 625 ut
1667 575 1861 638 dispu-

561 661 757 720 temus,
815 661 1027 720 quibus
1066 661 1238 711 rebus
1275 662 1506 724 adsequi
1565 663 1859 727 possimuS,

559 749 619 793 ut
689 757 772 808 ea,
856 760 1002 808 quae
1077 749 1349 808 dicamus,
1439 750 1859 813 intellegantur.

556 832 648 880 49:
695 831 894 882 Latine
947 834 1163 885 scilicet
1219 835 1475 900 dicende,
1515 839 1707 888 verbis
1745 837 1860 887 usi-
1910 821 1917 899 Ι

557 918 690 966 tatis
729 933 794 968 ac
833 922 1066 984 proprie
1103 923 1642 975 demonstrantibus.

1518 1065 1764 1128 Isidor.
1815 1086 1877 1146 p.
1931 1073 2075 1142 515,
2124 1069 2201 1126 26
2228 1085 2316 1130 SS.

769 1199 818 1250 1.
865 1188 1166 1252 Dicenda
1213 1197 1372 1250 sunt
1420 1206 1696 1267 quoque
1749 1192 2115 1251 summissa
2162 1191 2425 1264 leniter,
2460 1193 2745 1252 incitata
2794 1194 3115 1267 graviter,
3166 1195 3263 1253 in-

555 1297 738 1358 flexa
785 1295 1168 1368 moderate;
1219 1294 1348 1354 hoc
1399 1299 1502 1354 est
1537 1297 1721 1355 enim
1771 1294 1943 1355 illud
1978 1295 2355 1357 trimodum
2391 1311 2609 1374 genus
2644 1295 2949 1357 dicendi:
2989 1297 3265 1370 humile,

555 1401 876 1476 medium,
933 1397 1435 1478 grandilocum.
1515 1397 1690 1460 Cum
1753 1402 1935 1460 enim
2002 1417 2253 1478 magna
2312 1399 2627 1472 dicimuS,
2684 1399 3047 1476 granditer
3105 1420 3263 1480 pro-

553 1505 837 1569 ferenda
869 1510 1051 1580 sunt,
1083 1522 1237 1565 cum
1259 1521 1476 1582 parva
1501 1503 1810 1580 dicimus,
1844 1504 2207 1581 subtiliter,
2242 1523 2397 1567 cum
2430 1504 2821 1579 mediocria,
2854 1510 3259 1585 temperate.

551 1619 608 1674 2.
652 1613 824 1673 Nam
857 1614 924 1672 in
957 1610 1198 1690 parvis
1233 1611 1454 1670 causis
1487 1609 1655 1670 nihil
1689 1610 1970 1687 grande,
2018 1611 2186 1673 nihil
2221 1611 2518 1674 sublime
2566 1612 2937 1674 dicendum
2982 1617 3103 1684 est,
3137 1612 3261 1672 sed

551 1719 683 1779 leni
754 1735 832 1776 ac
902 1714 1209 1794 pedestri
1275 1732 1468 1776 more
1533 1713 1985 1793 loquendum:
2034 1717 2103 1777 in
2154 1719 2377 1778 causis
2417 1723 2645 1778 autem
2692 1715 3089 1790 maioribus»,
3138 1715 3259 1776 ubi

551 1821 634 1882 de
685 1820 815 1882 deo
851 1820 960 1882 vel
996 1818 1352 1880 hominum
1387 1819 1611 1881 salute
1643 1819 2029 1894 referimuS,
2077 1821 2232 1900 plus
2266 1820 2828 1898 magnificentiae
2862 1829 2929 1883 et
2960 1820 3260 1898 fulgoris

549 1933 650 1987 est
707 1923 1205 1987 exhibendum:
1267 1930 1324 1985 3.
1379 1926 1449 1984 in
1497 1928 1900 2004 temperatis
1958 1943 2126 1989 vero
2176 1929 2431 2002 'causiS,
2490 1927 2607 1988 ubi
2666 1925 2838 1988 nihil
2885 1929 3135 2003 agitur,
3180 1933 3256 1986 ut

547 2039 720 2109 agat,
754 2030 875 2091 sed
905 2029 1391 2091 tantummodo
1425 2036 1500 2092 ut
1533 2029 1919 2091 delectetur
1954 2031 2250 2107 auditor,
2281 2035 2464 2094 inter
2497 2037 2869 2109 utrumque
2902 2029 3259 2092 moderate

548 2135 916 2198 dicendum
969 2141 1090 2196 est.
1140 2133 1272 2195 Sed
1322 2141 1388 2195 et
1437 2138 1751 2212 quamvis
1800 2135 1884 2196 de
1942 2139 2213 2214 magnis
2261 2117 2814 2214 rebus'quisque
2864 2135 3065 2210 dicat,
3113 2153 3256 2196 non

545 2247 778 2303 tamen
843 2257 1114 2318 semper
1178 2239 1542 2317 granditer
1606 2238 1835 2302 dicere
1902 2240 2127 2314 debet,
2185 2241 2307 2302 sed
2363 2243 2745 2316 summisse,
2811 2257 2965 2302 cum
3034 2239 3256 2316 docet,

547 2351 948 2425 temperate,
999 2362 1154 2406 cum
1204 2343 1468 2422 aliquid
1515 2344 1746 2406 laudat
1794 2343 1905 2405 vel
1954 2348 2325 2425 vituperat,
2358 2344 2735 2423 granditer,
2784 2361 2941 2406 cunt
2976 2344 3062 2406 ad
3096 2362 3256 2406 con·

545 2453 931 2514 versionem
965 2466 1244 2512 aversos
1279 2451 1546 2510 animos
1577 2457 1935 2528 provocat.
1966 2450 2231 2513 Utenda
2264 2457 2497 2513 tamen
2531 2451 2746 2512 verba
2780 2453 2845 2511 in
2882 2451 3253 2511 summisso

545 2573 800 2634 genere
848 2554 1284 2628 sufficientia,
1329 2555 1399 2613 in
1451 2559 1833 2633 temperato
1883 2553 2333 2633 splendentia,
2384 2556 2450 2615 in
2501 2555 2747 2634 grandi
2798 2553 3253 2616 vehementia.

1080 2693 1291 2743 Cicero,

680 2801 773 2852 Or.
832 2802 924 2850 20:
963 2799 1100 2848 Tria
1152 2803 1285 2848 sunt
1340 2799 1574 2848 omnino
1631 2809 1838 2860 genera

540 2888 765 2938 dicendi
797 2927 809 2938 .
839 2927 848 2937 .
878 2922 890 2935 .
921 2925 931 2936 .
957 2887 1098 2937 Nam
1126 2892 1180 2937 et
1224 2885 1612 2951 grandiloqui,
1653 2891 1715 2935 ut
1759 2885 1839 2936 ita

539 2975 743 3033 dicam,
807 2975 1037 3026 fuerunt
1245 2979 1299 3023 et
1373 2979 1570 3023 contra
1627 2977 1837 3033 tenues,

537 3063 686 3114 acuti
715 3101 727 3114 .
756 3099 767 3112 .
797 3102 808 3114 .
839 3064 900 3113 21
934 3099 946 3111 .
976 3102 985 3112 .
1016 3100 1028 3113 .
1056 3062 1153 3112 Est
1179 3066 1364 3111 autem
1406 3061 1640 3123 quidam
1665 3061 1835 3110 inter-

534 3151 713 3200 iectus
759 3151 908 3199 inter
947 3151 1047 3198 hos
1094 3149 1317 3199 medius
1344 3187 1356 3198 .
1385 3188 1396 3200 .
1426 3187 1437 3198 .
1484 3149 1566 3198 22.
1615 3148 1833 3197 Horum

537 3238 895 3301 singulorum
935 3249 1205 3300 generum
1234 3237 1580 3299 quicumque
1619 3237 1733 3285 vim
1775 3235 1833 3282 in

535 3326 774 3389 singulis
811 3324 1096 3375 consecuti
1134 3331 1278 3388 sunt,
1319 3337 1581 3386 magnum
1621 3324 1680 3372 in
1706 3335 1833 3373 ora·

538 3414 756 3463 toribus
793 3425 1000 3464 nomen
1039 3409 1381 3463 habuerunt.

675 3501 744 3550 de
786 3501 878 3552 Or.
935 3501 1022 3549 111
1080 3501 1204 3550 212:
1283 3501 1481 3562 Itaque
1537 3501 1641 3549 hoe
1705 3499 1831 3548 loco

535 3588 678 3638 nihil
715 3600 849 3636 sane
888 3592 984 3651 est,
1024 3587 1176 3649 quod
1235 3587 1488 3650 praecipi
1545 3601 1708 3650 posse
1745 3587 1831 3634 vi-

538 3677 754 3740 deatur,
811 3675 920 3724 nisi
977 3680 1038 3725 ut
1091 3675 1338 3738 figuram
1379 3675 1655 3725 orationis
1708 3674 1827 3736 ple-

533 3762 710 3811 nioris
747 3767 800 3813 et
836 3762 1112 3812 tenuioris
1155 3767 1209 3812 et
1251 3763 1382 3811 item
1421 3762 1576 3812 illius
1615 3761 1831 3812 medio-

532 3851 643 3899 cris
672 3851 739 3900 ad
769 3851 847 3914 id,
885 3851 1038 3912 quod
1068 3863 1311 3912 agemus,
1351 3849 1827 3899 accommodatam

531 3938 861 3999 deligamus.

671 4027 739 4076 de
777 4027 871 4076 Or.
909 4026 996 4074 ΙΙΙ
1038 4027 1162 4075 177:
1191 4061 1202 4074 .
1233 4063 1245 4076 .
1274 4062 1286 4074 .
1316 4025 1515 4087 Itaque
1543 4031 1659 4074 tum
1699 4037 1825 4086 gra·

530 4125 625 4163 ves
680 4127 887 4177 sumne,
944 4118 1064 4164 tum
1101 4111 1354 4174 subtiles,
1410 4117 1525 4162 tum
1575 4107 1823 4162 medium

530 4201 804 4262 quiddam
841 4207 1114 4250 tenemus.

669 4290 761 4338 Or.
820 4291 912 4338 56:
959 4325 970 4337 .
1002 4325 1013 4338 .
1043 4321 1056 4334 .
1105 4287 1260 4337 Volet
1314 4282 1486 4350 igitur
1546 4287 1662 4353 ille,
1724 4287 1823 4348 qui

528 4374 884 4437 eloquentiae
910 4376 1291 4438 principatum
1321 4380 1483 4438 petet,
1513 4381 1563 4424 et
1592 4380 1819 4424 conten-

527 4467 582 4512 ta
619 4475 758 4512 voce
795 4464 1061 4513 atrociter
1097 4462 1284 4512 dicere
1321 4467 1374 4512 et
1409 4461 1706 4512 summissa
1744 4463 1821 4510 le-

529 4550 671 4600 niter
725 4556 778 4600 et
831 4551 1106 4600 inclinata
1163 4550 1344 4600 videri
1383 4551 1573 4612 gravis
1629 4554 1680 4598 et
1736 4551 1820 4599 in-

527 4638 674 4686 flexa
712 4637 1067 4687 miserabilia.

663 4724 754 4773 Or.
795 4727 886 4775 75:
917 4760 928 4773 .
957 4764 968 4776 .
995 4725 1074 4775 Ac
1112 4725 1360 4786 primum
1420 4724 1819 4773 informandus

523 4815 603 4862 est
639 4812 736 4860 ille
774 4812 958 4874 nobie,
997 4825 1162 4874 quem
1203 4813 1386 4866 solum
1426 4811 1660 4872 quidam
1721 4825 1815 4859 vo·
1867 4769 1875 4873 ῐ

2388 2693 2791 2751 Quintilianus.

2085 2800 2193 2848 XII
2253 2804 2332 2866 10,
2390 2803 2455 2850 58
2477 2813 2555 2852 ss:
2612 2800 2805 2850 Altera
2882 2804 2964 2848 est
3019 2797 3246 2858 divisio,

1946 2900 2093 2948 quae
2131 2889 2189 2939 in
2230 2893 2343 2938 tres
2381 2893 2571 2950 partes
2606 2893 2661 2938 et
2686 2887 2809 2950 ipsa
2837 2886 3093 2949 discedit,
3132 2898 3249 2947 qua

1945 2974 2193 3026 discerni
2234 2989 2396 3040 posse
2454 2976 2621 3025 etiam
2680 2979 2827 3024 recte
2865 2973 3094 3024 dicendi
3150 2987 3247 3036 ge-

1942 3077 2081 3115 nera
2135 3064 2281 3113 inter
2334 3077 2392 3112 se
2428 3064 2712 3114 videntur.
2772 3062 3029 3122 Namque
3064 3073 3247 3110 unum

1942 3150 2169 3218 subtile,
2242 3151 2396 3212 quod
2470 3145 2652 3216 ἶσχνόν
2712 3154 2936 3212 vocant,
3000 3148 3241 3197 alterum

1940 3237 2157 3300 grande
2196 3243 2365 3300 atque
2402 3238 2717 3304 robustum,
2756 3235 2910 3298 quod
2948 3229 3121 3297 ἁδρόν
3158 3230 3243 3284 di-

1942 3329 2091 3392 eunt,
2131 3326 2499 3390 constituunt,
2557 3325 2785 3376 tertium
2844 3323 2939 3373 alii
2986 3321 3243 3372 medium

1940 3427 2007 3463 ex
2064 3413 2304 3478 duobus,
2363 3414 2461 3463 alii
2519 3412 2793 3463 floridum
2850 3413 3119 3472 (namque
3180 3410 3241 3459 id

1940 3496 2191 3564 ἀνθηρόν
2228 3502 2536 3563 appellant)
2577 3499 2939 3550 addiderunt.
2988 3497 3240 3553 Quorum

1940 3592 2124 3638 tamen
2164 3602 2230 3638 ea
2270 3589 2384 3639 tere
2422 3587 2566 3638 ratio
2609 3593 2707 3652 est,
2744 3593 2804 3638 ut
2842 3585 3091 3648 primum
3139 3583 3239 3632 do-

1939 3676 2119 3740 cendi,
2158 3677 2467 3726 secundum
2494 3663 2774 3729 movendi,
2811 3673 3037 3723 tertium
3073 3667 3241 3730 illud,

1936 3771 2311 3826 utrocumque
2348 3770 2427 3813 est
2468 3763 2711 3824 nomine,
2751 3759 3075 3812 delectandi
3101 3757 3240 3820 sive,

1936 3856 1999 3900 ut
2024 3851 2123 3901 alii
2150 3851 2367 3914 dicunt,
2389 3851 2735 3900 conciliandi
2761 3853 3053 3912 praestare
3078 3844 3239 3895 vide-

1937 3943 2064 3988 atur
2088 3939 2366 4002 ofticium,
2392 3939 2451 3988 in
2480 3938 2733 3988 docendo
2762 3942 2947 3986 autem
2975 3947 3239 3995 acumen,

1935 4026 1991 4075 in
2048 4027 2400 4076 conciliando
2454 4026 2677 4088 lenitas,
2730 4025 2789 4073 in
2830 4020 3111 4072 movendo
3148 4020 3239 4068 vis

1934 4113 2082 4176 exigi
2122 4113 2408 4163 videatur.
2450 4113 2651 4175 Itaque
2688 4111 2792 4161 illo
2830 4109 3029 4159 subtili
3070 4119 3235 4170 prae-

1933 4201 2099 4264 cipue
2138 4201 2284 4250 ratio
2325 4201 2604 4251 narrandi
2644 4197 3045 4261 probandique
3100 4207 3235 4244 con-

1930 4289 2084 4339 sistet
2123 4295 2321 4350 estque
2368 4289 2425 4338 id
2466 4289 2635 4338 etiam
2692 4285 2960 4336 detractis
3030 4281 3235 4332 ceteris

1933 4375 2239 4425 virtutibus
2291 4389 2392 4424 suo
2453 4386 2659 4436 genere
2717 4373 2968 4434 plenum.
3012 4367 3232 4418 Medius

1929 4463 2019 4511 hic
2058 4463 2257 4512 modus
2284 4467 2337 4511 et
2381 4460 2849 4512 translationibus
2882 4457 3139 4506 crebrior
3176 4463 3233 4503 et

1928 4549 2129 4610 figuris
2168 4550 2273 4598 erit
2312 4548 2614 4598 iucundior
2640 4585 2651 4598 .
2682 4586 2691 4597 .
2722 4586 2733 4598 .
2764 4581 2775 4592 .
2908 4532 2920 4546 ⁸
2952 4543 2958 4546 ”
