3567 5109
1653 329 2101 394 -96-

527 509 864 586 videmur.
942 525 1000 585 si
1072 524 1254 604 apud
1307 523 1581 584 Celsum
1647 541 1722 584 ea
1787 524 1924 583 iam
1975 521 2193 585 fuisse
2272 525 2656 584 statuimus,
2734 525 2948 592 Quem
3028 539 3235 584 usum

525 647 678 690 esse
741 629 1076 691 Cicerone
1142 634 1427 690 auctore
1495 633 1797 700 constat3
1865 645 2077 706 quare
2141 627 2215 689 in
2264 627 2413 688 eius
2461 626 2683 704 libris,
2747 628 2805 687 si
2853 631 3235 702 exstarent,

527 734 677 795 sine
726 732 940 795 dubio
996 732 1198 795 multi
1244 734 1382 795 loci
1428 731 1873 795 Ciceroniani
1920 733 2225 794 inveniri
2269 736 2576 811 possent.
2620 731 2795 794 Nam
2842 737 3115 793 veteres
3163 730 3235 791 in

523 838 698 900 locis
745 855 830 900 ex
879 838 1033 901 aliis
1082 838 1545 917 scriptoribus
1594 837 1950 899 sumendis
1984 856 2124 899 non
2156 844 2300 900 tam
2333 837 2661 916 religiose
2694 843 2992 915 egerunt
3023 853 3234 914 quam

528 942 848 1004 homines
910 943 1116 1005 huius
1183 943 1431 1006 aetatis
1479 941 1858 1021 postulant,
1908 942 2031 1003 sed
2078 942 2295 1004 multa
2340 941 2741 1003 nominibus
2788 959 2929 1002 non
2978 939 3236 1001 additis

523 1065 606 1108 ex
657 1046 953 1109 aliorum
1003 1047 1203 1109 libris
1251 1046 1640 1109 transferre
1689 1063 1829 1108 non
1879 1045 2408 1122 dubitaverunt,
2456 1045 2672 1108 veluti
2724 1044 3235 1117 Quintilianum

524 1169 626 1226 ea,
694 1170 870 1230 quae
939 1153 1022 1214 de
1089 1152 1410 1231 augendo
1477 1156 1544 1214 et
1607 1151 1985 1214 minuendo
2036 1149 2231 1228 (VIII
2281 1158 2335 1228 4,
2392 1152 2565 1228 ISS.)
2615 1150 2843 1226 habet,
2909 1166 3235 1227 magnam

523 1261 800 1334 partem
848 1257 934 1319 ad
981 1258 1278 1319 verbum
1327 1255 1476 1319 fere
1522 1274 1606 1318 ex
1658 1255 1964 1318 Cornelii
2017 1256 2199 1318 Celsi
2256 1257 2457 1319 libris
2525 1255 2979 1335 exscripsisse
3052 1254 3235 1315 infra

528 1360 1190 1424 demonstrabimus,
1238 1360 1566 1424 Ceterum
1613 1366 1851 1424 utrum
1901 1361 1971 1422 in
2029 1361 2394 1424 Severiani
2444 1362 2657 1438 fonte,
2723 1377 2927 1439 quem
2994 1359 3235 1422 statui-

522 1483 697 1541 muS‚
746 1465 951 1529 Tullii
1016 1483 1272 1529 nomen
1339 1466 1468 1529 hoc
1515 1468 1669 1530 loco
1718 1465 2078 1528 laudatum
2126 1463 2341 1529 fuerit
2388 1483 2606 1528 necne
2654 1466 3095 1544 ignoramus3
3161 1465 3235 1525 in

525 1570 906 1633 medicinae
941 1571 1220 1649 quidem
1253 1571 1456 1634 libris
1506 1569 1788 1632 Celsum
1836 1587 2046 1650 saepe
2079 1572 2481 1650 scriptoreS,
2518 1587 2819 1648 quorum
2852 1567 3234 1632 sententias

520 1675 803 1754 recepit,
887 1677 1364 1738 nominavisse
1429 1683 1695 1737 constat
1761 1693 1841 1736 ac
1911 1676 2145 1737 nescio
2206 1693 2290 1738 an
2357 1675 2573 1737 verba
2638 1674 2801 1737 Iulii
2864 1671 3225 1736 Severiani

521 1779 610 1858 (p.
647 1787 790 1856 361,
841 1787 874 1840 8
909 1782 1073 1860 sq.):
1125 1777 1202 1840 de
1247 1780 1422 1840 vitiis
1465 1787 2004 1862 armamentorum,
2052 1799 2210 1860 quae
2258 1775 2629 1840 adversarii
2670 1774 2831 1840 male
2870 1774 3224 1860 posuerint,

519 1880 700 1966 plene
763 1904 805 1943 a
879 1881 1084 1944 Tullio
1153 1883 1544 1944 insinuatum
1619 1892 1708 1944 est
1771 1885 1935 1946 item
1985 1885 2074 1946 ad
2138 1885 2285 1947 eius
2333 1885 2595 1947 fontem
2663 1882 3029 1946 referenda
3076 1883 3233 1944 sint.

523 1988 659 2051 Sed
708 1997 1194 2068 argumentum
1245 1989 1530 2052 firmum
1579 1990 1710 2051 hoc
1759 2007 1911 2052 esse
1962 1989 2297 2052 arbitror:
2364 1991 2533 2052 artis
2580 1991 2999 2068 scriptorem
3062 1987 3232 2049 infe·

522 2093 734 2155 rioris
799 2095 1070 2168 aetatiS,
1140 2095 1261 2174 qui
1327 2113 1400 2156 se
1465 2091 1631 2154 nihil
1673 2091 1989 2153 rhetorum
2052 2093 2409 2174 praeceptis
2454 2089 2827 2153 adiunoeisse
2874 2093 3023 2173 ipse
3070 2109 3229 2154 con-

521 2196 781 2265 fitetur,
849 2199 1204 2262 Ciceronis
1269 2204 1752 2278 praeceptum:
1811 2193 2161 2281 defensoris
2194 2194 2500 2281 primus
2548 2193 2761 2258 locus
2800 2203 2889 2256 eat
2932 2193 3080 2256 item
3125 2215 3227 2255 no-

521 2299 708 2362 minis
770 2299 972 2362 brevis
1015 2309 1074 2364 et
1133 2311 1362 2385 aperta
1437 2310 1496 2362 et
1540 2323 1618 2363 ex
1673 2301 1969 2386 opinione
2032 2301 2346 2364 hominum
2416 2300 2757 2385 descriptio
2788 2351 2803 2366 .
2834 2350 2850 2364 .
2885 2348 2900 2362 .
2934 2299 3230 2362 Deinde

519 2413 881 2490 sequetur
923 2403 1546 2469 adversariorum
1591 2405 2110 2491 definitionis
2152 2406 2645 2491 reprehensio
2694 2409 3227 2470 commutavisse

520 2513 590 2572 in
669 2511 874 2573 illud:
955 2510 1332 2596 Defensor-is
1421 2521 1630 2573 autem
1707 2510 1883 2572 loru-s·
1970 2520 2075 2582 est,
2164 2509 2608 2573 adversari-i
2696 2509 3225 2595 &finitionem

517 2615 740 2696 prius
805 2613 1356 2700 infirmare...
1402 2624 1578 2699 post
1640 2638 1827 2678 suam
1901 2615 2358 2701 definitionem,
2426 2638 2503 2677 ae
2556 2617 2616 2675 si
2674 2636 2909 2692 reram,
2965 2634 3227 2698 ponere,

524 2737 958 2799 nequaquam
1006 2722 1294 2786 credere
1326 2741 1630 2802 possum.
1684 2723 1916 2794 Quare
1964 2739 2120 2784 eum
2156 2724 2364 2785 etiam
2413 2741 2515 2796 ea,
2564 2741 2739 2801 quae
2772 2722 2857 2784 de
2903 2719 3229 2783 finitione

523 2824 748 2900 habet,
783 2843 867 2887 ex
904 2825 1148 2887 eodem
1181 2827 1398 2898 fonte,
1435 2844 1518 2888 ex
1554 2845 1692 2905 quo
1727 2810 1976 2904 cetera,
2009 2827 2469 2906 exscripsisse
2517 2825 2815 2888 dixerim
2865 2831 3229 2902 totumque

523 2931 670 2990 eius
719 2928 1031 2991 libellum
1081 2929 1266 2992 Celsi
1316 2934 1688 3010 epitomam
1739 2949 1893 2993 esse
1942 2931 2321 2994 statuerim.

589 3113 596 3121 ⁸
729 3034 1012 3096 Praeter
1061 3035 1311 3098 Iulium
1361 3037 1819 3098 Severianum
1854 3035 2037 3098 Celsi
2089 3037 2571 3098 Institutiones
2623 3036 2970 3096 oratorias
3018 3035 3224 3096 etiam

519 3139 798 3200 novisse
845 3145 913 3200 et
959 3139 1214 3218 legisse
1263 3140 1544 3202 videtur
1593 3140 1911 3203 Isidorus
1962 3141 2420 3221 Hispalensis.
