3567 5109
1432 320 1863 389 —55'—

289 520 560 581 incisio,
623 518 706 579 In
771 524 1068 595 utroque
1135 523 1361 579 autem
1429 535 1758 579 versuum
1844 529 2097 598 genere
2178 518 2410 599 Meyer
2486 524 2681 597 putat
2774 520 3015 581 adesse

292 640 652 684 caesuram
719 624 1296 701 semiquinariam.
1372 622 1460 683 At
1536 640 1970 701 nequaquam
2037 625 2191 685 huic
2264 625 2573 703 opinioni
2648 623 3020 685 adsentior.

296 727 378 788 In
415 727 737 789 versibus
786 728 966 789 enim
1019 726 1289 803 XXVII,
1339 732 1450 801 41;
1503 726 1660 787 XXI
1721 733 1797 786 66
1850 734 1917 789 et
1964 732 2079 787 761
2154 734 2270 789 aut
2316 744 2601 789 caesura
2646 726 2887 789 incidit
2948 730 3019 787 in

295 832 526 893 media
545 832 761 893 verba
773 830 866 889 Ae
883 826 1124 913 1493!th
1148 850 1222 889 ae
1240 826 1260 913 Η
1277 828 1492 907 ternis,
1512 828 1600 889 Im
1619 826 1638 913 ΙΙ
1655 830 1863 891 amnia
1883 838 2015 905 aut,
2039 832 2096 891 si
2120 831 2419 895 demitur
2438 833 2697 893 vocalis
2719 832 3019 893 ineuntis

299 938 522 1012 verbi,
588 954 727 998 non
775 935 970 997 adest
1034 937 1207 997 arsis
1275 937 1502 1013 longa.
1570 935 1760 1013 Ergo
1812 936 1896 997 de
1946 937 2061 997 illa
2108 952 2389 998 caesura
2436 938 2539 997 his
2588 938 2657 997 in
2702 935 3020 997 versibus

295 1058 532 1102 sermo
581 1058 732 1101 esse
781 1058 920 1101 non
966 1045 1213 1120 potest.
1263 1040 1498 1118 Neque
1546 1056 1897 1102 caesuram
1949 1042 2017 1101 in
2050 1042 2250 1102 tmesi
2291 1046 2590 1102 statuere
2638 1041 2815 1117 licet,
2864 1056 3017 1101 eum

295 1144 467 1206 haec
537 1163 674 1207 non
740 1146 1128 1225 reperiatur
1187 1146 1316 1206 nisi
1386 1152 1546 1224 post
1611 1148 2195 1225 praepositionem
2248 1152 2363 1206 aut
2428 1144 2539 1205 ‘in’
2609 1146 3021 1223 negativum.

295 1249 528 1319 Quare
576 1250 644 1309 in
693 1248 929 1327 priore
971 1266 1224 1327 genere
1259 1266 1586 1310 versuum
1615 1254 1909 1310 metrum
1959 1249 2284 1311 inciditur
2330 1250 2803 1311 tantummodo
2863 1256 3023 1329 post

297 1356 488 1413 arsin
555 1355 836 1415 alteram
905 1360 972 1414 et
1037 1360 1368 1431 quartam.
1442 1352 1770 1415 Eiusdem
1838 1354 2104 1416 formae
2171 1360 2330 1415 sunt
2394 1370 2680 1432 eamque
2735 1370 2898 1433 prae
2948 1372 3020 1414 se

298 1456 538 1518 ferunt
581 1475 825 1519 versus
872 1458 1172 1537 plurimi,
1223 1476 1398 1537 quos
1431 1458 1690 1520 Birtius
1725 1459 2069 1521 secundae
2102 1456 2367 1520 formae
2400 1458 2831 1529 adnumerat;
2866 1476 3017 1520 nam

298 1564 370 1621 in
468 1560 575 1622 his
668 1579 945 1640 quoque
1039 1563 1446 1641 plerumque
1542 1580 1695 1623 cum
1783 1565 1959 1625 thesi
2036 1564 2336 1626 secunda
2414 1563 2701 1624 verbum
2782 1563 3023 1625 finitur

301 1666 422 1743 (cf.
470 1666 796 1741 Mueller„
843 1685 905 1746 p.
955 1667 1130 1745 206).

517 1770 777 1832 Iterum
847 1770 1164 1833 videmus
1229 1774 1297 1831 in
1365 1772 1498 1833 illis
1565 1772 1905 1848 versibuS,
1970 1774 2089 1851 qui
2154 1774 2489 1835 incisione
2558 1780 2791 1833 carent
2866 1778 3025 1851 post

300 1877 496 1937 arsin
545 1876 847 1952 alteram,
894 1876 1184 1937 verbum
1233 1878 1588 1937 terminari
1636 1881 1797 1955 post
1844 1877 2188 1958 dactylum
2239 1878 2559 1955 primum.
2662 1916 2669 1945 2

519 1980 741 2042 Porro
774 1980 858 2041 fit
890 1983 1222 2059 quaesti0‚
1271 1986 1500 2042 utrum
1536 1998 1817 2043 caesura
1864 1980 2349 2063 versuumXI,
2386 1990 2417 2043 9
2469 1987 2536 2043 et
2583 1980 2852 2055 XXXII,
2902 1986 3023 2041 208

305 2089 374 2145 in
423 2086 640 2147 verba
689 2088 1072 2165 composita
1117 2084 1372 2148 incidat
1418 2104 1647 2149 necne.
1693 2086 1979 2165 Legitur
2025 2088 2234 2147 enim:

523 2225 619 2287 XI,
657 2226 779 2275 Sa:
820 2224 969 2275 Cura
1005 2224 1146 2273 mihi
1179 2233 1406 2287 semper
1441 2224 1548 2274 tuit
1583 2230 1636 2274 et
1673 2230 1863 2275 manet
1894 2224 2099 2275 officiis
2134 2230 2187 2275 te

818 2311 1096 2363 Omnibus
1133 2312 1410 2379 excolere,
1450 2312 1676 2363 adfectu
1714 2312 2023 2364 observare
2059 2312 2236 2377 fideli,

521 2398 750 2464 XXXII,
791 2399 917 2450 208:
957 2399 1180 2461 Quique
1215 2399 1566 2450 invisibilem
1598 2399 2257 2462 inconpreneibilemque
2294 2399 2516 2449 fatetur.

309 2539 416 2599 Ad
463 2557 668 2617 quam
719 2541 1190 2618 quaestionem
1257 2540 1663 2603 solvendam
1729 2542 2133 2620 priusquam
2200 2539 2539 2614 accedam,
2588 2540 3020 2617 praemittam

309 2662 406 2718 ea,
442 2662 616 2721 quae
651 2644 734 2705 de
769 2646 892 2705 hac
925 2643 1300 2706 verborum
1336 2644 1780 2707 distractione
1815 2652 2010 2706 extra
2058 2661 2407 2706 caesuram
2442 2643 2625 2723 apud
2659 2642 3020 2703 Paulinum

313 2766 722 2810 invenimus,

523 2856 824 2915 Primum
859 2856 1070 2933 igitur
1102 2854 1273 2915 illud
1307 2853 1816 2933 Vergiliifflue.
1852 2853 2029 2929 VIII,
2073 2858 2179 2915 17:
2230 2871 2506 2933 praeque
2540 2847 2705 2910 diem
2741 2849 3023 2924 venien-35

313 2962 478 3022 Aen.
527 2959 606 3033 X,
659 2962 819 3019 794:
867 2956 1056 3038 inque
1102 2954 1365 3039 liyatus)
1415 2958 1742 3021 Paulinus
1790 2960 2095 3021 imitatus
2142 2966 2247 3019 est

523 3096 722 3161 XXXI,
760 3098 886 3146 408:
931 3096 1247 3146 Procul-are
1283 3096 1448 3146 bonis
1486 3108 1734 3159 praeque
1771 3108 1975 3147 cavere
2011 3095 2192 3145 malis.

315 3237 578 3299 Deinde
626 3239 826 3299 tmesi
875 3237 1198 3299 distraxit
1241 3243 1584 3317 antequam

525 3376 590 3432 X,
629 3379 686 3425 ὃς
723 3375 899 3426 Nulla
936 3380 1028 3425 tua
1070 3376 1191 3424 vidi
1227 3375 1438 3437 scripta
1473 3380 1668 3425 notata
1705 3387 1896 3441 manu,

719 3464 891 3513 Ante
926 3462 1220 3513 salutifero
1257 3462 1394 3512 felix
1434 3475 1629 3525 quam
1668 3463 1869 3513 charta
1905 3463 2103 3512 libello

719 3550 881 3600 Dona
919 3554 1121 3611 negata
1151 3585 1161 3597 .
1191 3586 1202 3597 .
1235 3588 1244 3597 .
1286 3549 1462 3600 daret.

322 3691 582 3753 Eodem
649 3690 1090 3752 referendum
1157 3696 1262 3751 est
1313 3688 1520 3769 ‘inque
1573 3687 1783 3747 vicem’
1853 3688 2055 3767 (XXI,
2110 3696 2264 3765 4093
2332 3687 2531 3764 XXV,
2585 3690 2733 3764 145;
2792 3688 3026 3764 XXVI,

324 3798 476 3871 :3153
513 3795 788 3871 XXVII,
825 3799 980 3869 347;
1031 3793 1269 3869 XXXI,
1311 3792 1478 3870 109),
1526 3794 1714 3871 quod
1762 3794 1998 3855 enclisi
2048 3794 2117 3853 in
2164 3811 2373 3854 unum
2432 3793 2723 3853 verbum
2776 3796 3031 3854 coierat

323 3900 502 3977 apud
549 3901 828 3962 Latinos
884 3900 994 3978 (cf.
1043 3897 1696 3974 Schweizer-Sidler,
1753 3916 1816 3976 p.
1872 3897 1997 3975 10).
2043 3898 2265 3959 Facile
2314 3904 2537 3959 autem
2588 3898 2755 3959 ferri
2800 3904 3031 3976 potest

325 4006 556 4065 tmesis
606 4006 676 4065 in
723 4005 941 4065 verbo
992 3998 1512 4063 civ-emniaciendi

525 4144 722 4201 XXVI,
759 4144 886 4193 258:
929 4143 1000 4193 Et
1033 4148 1134 4192 tua
1171 4142 1383 4204 captivi
1419 4142 1691 4191 iaceant
1729 4140 1965 4201 vestigia
2002 4139 2279 4191 circum.

333 4282 402 4343 In
450 4289 670 4345 metro
706 4283 985 4362 quidem
1027 4282 1388 4361 Sapphico,
1435 4281 1554 4343 ubi
1587 4281 1956 4359 diligenter
1989 4287 2308 4341 servatur
2341 4298 2621 4343 caesura
2654 4286 2813 4360 post
2845 4283 3029 4341 arsin

333 4390 609 4465 tertiam,
657 4386 724 4447 in
793 4388 1186 4466 negativum
1254 4384 1680 4449 abscinditur
1744 4387 2075 4450 incisione
2142 4387 2423 4447 metrica
2472 4388 2599 4448 hoc
2671 4387 2737 4445 in
2788 4404 3025 4445 versu:

527 4530 702 4591 XVII,
739 4531 864 4579 210:
909 4528 1212 4591 sempera
1253 4528 1454 4591 bello¹)
1494 4529 1550 4577 in
1571 4524 1590 4594 Η
1610 4528 1811 4578 domiti
1850 4531 2147 4589 negarunt.

338 4667 357 4673 ⁸—
376 4670 738 4677 -—————.—-—·

528 4742 564 4800 ¹)
605 4741 876 4790 Animum
918 4740 1175 4790 attendas
1213 4750 1426 4801 quaeso
1466 4739 1538 4788 ad
1575 4739 1861 4789 elisionem
1891 4738 2199 4803 duriorem,
2238 4749 2354 4797 qua
2394 4736 2583 4786 tmesis
2620 4737 2726 4784 hoc
2764 4734 2822 4782 in
2862 4746 3029 4781 versu

331 4824 648 4887 adiuvatur3
688 4827 750 4876 in
783 4826 870 4883 iia,
909 4836 1054 4887 quae
1089 4828 1420 4891 sequuntur,
1459 4827 1609 4874 hanc
1645 4823 2035 4886 synaloephen
2072 4823 2334 4871 iteratam
2372 4820 2643 4872 videmus.
