3567 5109
1440 320 1882 382 *51-

289 530 510 612 pserit.
558 527 744 612 Quae
784 531 1115 593 sententia
1152 528 1254 593 vel
1294 551 1373 593 ea
1413 550 1481 593 re
1522 529 1967 607 confirmatur,
2019 530 2198 612 quod
2243 538 2309 594 et
2350 533 2419 595 in
2461 530 2674 595 Alcib.
2717 554 2774 614 p.
2821 532 3017 597 122A

289 644 355 701 et
394 637 461 699 in
509 636 633 701 Rei
672 634 847 719 publ.
875 634 915 699 l.
955 636 1058 701 IV
1094 658 1155 717 p.
1188 635 1389 701 430E
1428 639 1818 721 σωφροσύνη
1857 639 2294 719 temperantia
2333 660 2474 701 esse
2515 639 2768 702 dicitur.
2824 637 3018 722 Quod

289 766 409 827 per
472 765 541 807 se
609 766 746 807 non
814 744 1045 807 mirum
1113 749 1239 825 est3
1309 765 1465 807 nam
1522 742 1669 807 aliis
1728 764 1989 828 quoque
2049 742 2212 808 locis
2271 745 2365 808 sic
2414 744 2741 824 definitur,
2791 745 2909 809 sed
2955 746 3024 809 id

292 853 571 916 maxime
632 850 932 927 offendit,
992 850 1169 932 quod
1226 851 1507 934 scriptor
1561 852 1629 914 in
1690 849 2069 930 Alcibiade,
2141 872 2538 935 quamquam
2596 856 3025 936 σωφροσύνην

289 980 433 1021 esse
500 980 569 1021 86
624 959 841 1040 ipsum
888 978 1158 1021 noscere
1209 958 1660 1022 demonstrare
1719 956 1924 1021 voluit
1981 958 2328 1045 (imprimis
2381 980 2440 1040 p.
2483 958 2732 1042 131B),
2799 966 3022 1023 tamen

288 1066 459 1130 Rem
503 1063 835 1148 publicam
883 1071 1145 1128 secut-us
1193 1071 1309 1129 est.
1359 1064 1509 1129 Hac
1560 1086 1629 1127 re
1678 1066 1820 1129 sine
1872 1064 2069 1129 dubio
2129 1066 2512 1148 scriptorem
2569 1064 2683 1129 illo
2732 1064 2856 1129 Rei
2905 1088 3024 1148 pu-

286 1172 499 1237 blicae
565 1172 710 1236 loco
778 1193 966 1237 usum
1034 1179 1117 1251 et,
1185 1194 1332 1237 cum
1397 1174 1465 1237 in
1525 1192 1643 1235 suo
1698 1171 1867 1236 libro
1927 1173 2048 1236 has
2097 1174 2372 1237 virtutes
2419 1178 2755 1251 tractaret,
2823 1172 3024 1255 plane

289 1278 565 1343 oblitum
614 1300 755 1343 6886
804 1300 873 1343 86
924 1280 1313 1343 modestiam
1361 1278 1551 1343 aliter
1598 1278 1927 1361 explicare
1975 1278 2140 1343 velle
2191 1280 2692 1343 demonstratur.

502 1388 856 1451 Praeterea
905 1408 985 1449 ex
1030 1386 1129 1451 Re
1176 1386 1441 1469 publica
1488 1392 1788 1469 sumptus
1835 1393 1936 1450 est
1983 1385 2166 1450 locus
2215 1387 2501 1469 quidam,
2553 1408 2683 1469 quo
2725 1387 2804 1450 de
2843 1385 3022 1451 locu-

288 1493 580 1558 tionibus
627 1497 942 1578 φρόνιμος
988 1501 1053 1557 et
1100 1496 1345 1575 ἀγαθός
1393 1495 1627 1577 agitur.
1695 1492 2114 1577 Quamquam
2162 1516 2259 1571 ea,
2310 1514 2478 1575 quae
2521 1494 2922 1557 antecedunt
2958 1500 3025 1557 et

290 1607 674 1684 sequuntur,
726 1599 1056 1678 differunt,
1108 1605 1330 1665 tamen
1381 1600 1613 1664 iisdem
1662 1600 1876 1664 verbis
1927 1599 2204 1664 alterum
2243 1599 2458 1663 locum
2499 1622 2580 1663 ex
2617 1600 2824 1664 altero
2863 1622 3024 1682 pen-

286 1709 445 1772 (lere
494 1709 655 1772 satis
702 1707 1023 1771 efficitur:

433 1848 539 1903 Rei
578 1848 727 1916 publ.
770 1849 802 1900 1.
843 1847 873 1900 I
912 1848 1105 1903 349E:
1654 1848 1659 1889 ¹
1831 1848 1956 1901 Alc.
2000 1849 2194 1901 125A:
2259 1849 2396 1902 Σω..·
2453 1848 2700 1917 Καλοὺς
2737 1846 2808 1901 δέ
2846 1851 3028 1916 κάγα-

1655 1927 1659 1940 '
1684 1939 1836 2006 ὒοὺς
1862 1938 2069 2006 λέγεις
2097 1940 2237 2006 τοὺς
2265 1940 2594 2006 φρονίμους
2615 1938 2647 2004 ἢ
2668 1938 2810 2005 τοὺς
2839 1939 3026 2005 ἀφρο-

1684 2043 1825 2095 νας;
1857 2026 1993 2080 2122„-
2033 2026 2180 2095 Τοὺς
2209 2028 2553 2095 φρονίμους.
2587 2024 2725 2079 Σω..·
2761 2024 3026 2079 Οὐκοῦν

1687 2116 1721 2167 δ
1778 2116 2034 2183 ἕκαστος
2087 2116 2459 2185 φρόνιμος,
2517 2114 2673 2168 τοῦτ’
2723 2114 3026 2183 epodos,-

1686 2204 1826 2258 511)...-
1867 2204 2000 2259 Ναί.
2053 2204 2191 2257 Σω..·
2227 2204 2291 2257 Ὃ
2327 2202 2406 2257 δὲ
2444 2205 2693 2272 ἄφρων
2728 2204 3026 2273 πονηρός;

1656 2283 1828 2363 fili)...-
1869 2294 2010 2362 Πῶς
2046 2294 2165 2361 γὰρ
2202 2296 2299 2357 οὒ,-

444 2116 709 2171 Οὐκοῦν
738 2116 831 2171 καὶ
860 2118 1019 2185 ἅπερ
1056 2116 1430 2185 φρόνιμον,
1468 2118 1627 2183 ἀγα-

288 2208 443 2273 θόν,
481 2208 521 2261 ἃ
557 2205 635 2260 ὀέ
672 2209 970 2275 ἄφρονα,
1007 2206 1221 2271 nouom
1260 2205 1394 2259 Nat.

510 2419 719 2505 Quem
776 2420 995 2484 locum
1042 2441 1123 2483 ex
1168 2419 1267 2484 Re
1317 2418 1584 2502 publica
1634 2425 1965 2501 sumptum
2013 2440 2156 2481 esse
2205 2418 2432 2482 testari
2481 2416 2673 2480 nobis
2721 2416 3026 2481 videntur

291 2552 390 2607 ea,
442 2550 610 2611 quae
660 2534 727 2591 et
769 2528 840 2591 in
889 2526 1237 2591 Alcibiade
1286 2533 1353 2590 et
1398 2527 1466 2590 in
1514 2525 1613 2589 Re
1662 2524 1926 2608 publica
1971 2546 2108 2589 non
2157 2525 2398 2603 statim,
2460 2524 2577 2587 sed
2625 2522 2822 2605 paulo
2873 2529 3024 2605 post

293 2642 672 2717 sequuntur.
722 2633 856 2699 Sed
902 2635 1293 2716 scriptorum
1339 2634 1631 2715 ipsorum
1682 2630 1878 2695 verba
1925 2631 2298 2695 audiamus:

437 2774 543 2828 Rei
580 2776 734 2844 publ.
774 2776 809 2829 l.
850 2775 881 2829 Ι
918 2776 1077 2830 3510
1120 2792 1259 2843 seq.:
1316 2774 1519 2842 ὀοκεῐς
1556 2776 1661 2827 ἄν’
1831 2772 1956 2825 Ale.
1983 2771 2144 2825 12613
2166 2789 2304 2839 seq.:
2345 2772 2407 2825 Τί
2432 2770 2503 2825 δὲ
2531 2770 2602 2839 ὀὴ
2631 2771 2837 2839 πόλις;
2868 2772 3028 2839 τίνος

290 2868 327 2934 ἢ
354 2866 537 2921 πόλιν
562 2867 599 2934 ἢ
628 2864 1041 2935 στρατόπεδον
1071 2906 1083 2918 .
1116 2907 1127 2917 .
1160 2906 1172 2918 .
1210 2864 1429 2934 πρᾶξαι
1467 2865 1542 2917 ἄν
1580 2878 1631 2915 τι
1686 2862 2217 2931 παραγιγνομένου
2244 2862 2338 2915 καὶ
2369 2860 2855 2929 ἀπογιγνομένου
2886 2860 3025 2930 βελ-

292 2955 603 3021 ὁύνασ-ΰαι,
622 2958 678 3009 εἰ
703 2954 966 3009 ἀδικοῖεν
984 2953 1287 3022 ἀλλήλους
1295 2973 1313 3019 ,·
1358 2952 1438 3007 Οὐ
1467 2950 1631 3021 ᾰῆτα,
1688 2954 1830 3005 τίων
1855 2968 1920 3007 τε
1948 2952 2214 3020 γίγνεται
2241 2951 2335 3004 καὶ
2367 2952 2610 3017 ἄμεινον
2628 2950 3028 3019 θεραπεύεται

290 3042 331 3113 ἠ
360 3043 417 3099 δ’
439 3046 527 3113 ὃς.
581 3045 644 3099 Τί
669 3042 726 3098 δ’
748 3047 803 3099 εἰ
824 3042 903 3112 μὴ
936 3042 1223 3109 admotam
1261 3045 1333 3096 οὐ
1363 3041 1631 3109 μάλλον,·
1689 3043 1784 3095 καὶ
1823 3039 2150 3105 ὀιοικεὶταις
2188 3039 2327 3093 Ἆλ..·
2365 3038 2516 3107 Ἐμοὶ
2549 3039 2664 3105 μέν
2693 3036 2874 3104 δοκεῖ,
2905 3079 2917 3091 .
2950 3079 2962 3091 .
2996 3079 3028 3105 .‚

298 3133 465 3187 Πάνυ
508 3150 598 3201 γε.
676 3132 969 3201 Στάσεις
1013 3134 1133 3203 γάρ
1176 3148 1297 3186 που
1326 3172 1338 3184 .
1371 3171 1427 3184 ..
1477 3130 1509 3198 ἦ
1558 3146 1633 3198 γε
1689 3132 1836 3185 ὅταν
1891 3130 2059 3198 φιλία
2112 3129 2227 3196 μέν
2282 3131 2484 3196 αὐτοῖς
2537 3130 2806 3196 γίγνηται
2868 3128 3029 3197 πρὸς

292 3221 491 3277 ὰὸικία
532 3224 628 3275 καὶ
669 3225 833 3290 μίση
880 3222 975 3275 καὶ
1006 3222 1202 3291 μάχας
1238 3223 1308 3275 ἐν
1345 3218 1632 3288 ἀλληλοις
1690 3218 2010 3287 ἀλλήλους,
2065 3217 2132 3271 τὸ
2185 3226 2421 3285 μισεῖν
2478 3215 2548 3270 ὁέ
2595 3217 2689 3269 καὶ
2746 3218 3026 3269 στασιά-

292 3312 559 3382 παρέχει,
596 3312 631 3379 ἡ
670 3310 741 3365 ὀέ
777 3309 1113 3379 δικαιοσύνη
1154 3310 1499 3377 ὁμόνοιαν
1536 3310 1631 3362 καὶ
1688 3312 1842 3377 ζειν
1897 3308 2306 3375 ἀπογίγνηται.
2356 3336 2422 3343 --
2473 3305 2584 3375 Ἆρ’
2625 3303 2732 3359 οὖν
2779 3306 3028 3373 φιλίαν

294 3402 561 3469 φιλίαν.
1688 3398 1896 3466 λέγεις
1961 3396 2312 3463 ὁμόνοιαν
2376 3397 2411 3463 ἢ
2478 3393 2802 3463 ὀιχόνοιαη
2887 3394 3029 3448 212..-

1690 3487 2070 3555 Ὁμόνοιαν.

511 3615 667 3681 Sine
717 3614 913 3679 dubio
964 3614 1157 3679 Plato
1206 3613 1331 3677 hoc.
1378 3614 1523 3678 loco
1574 3614 1653 3677 de
1701 3613 1958 3676 iustitia
2005 3618 2072 3675 et
2108 3610 2349 3675 iniuria
2389 3608 2585 3673 verba
2623 3608 2806 3687 facit,
2851 3609 3028 3691 quod

294 3726 363 3789 in
411 3722 759 3787 Alcibiade
809 3724 1019 3805 primo
1069 3728 1423 3803 conspectu
1470 3741 1607 3785 non
1664 3717 2097 3799 intellegitur3
2175 3717 2292 3780 sed
2347 3716 2666 3780 iustitiam
2724 3716 3027 3797 scriptori

294 3834 425 3896 iam
472 3831 555 3895 ob
606 3830 831 3895 oculos
879 3851 1020 3893 6886
1070 3835 1395 3893 versatam
1442 3849 1635 3892 nemo
1687 3826 1974 3908 negabit,
2025 3826 2080 3888 si
2127 3847 2207 3888 ea
2255 3846 2422 3907 quae
2471 3830 2837 3905 sequuntur
2883 3843 3026 3905 per-

294 3940 547 4021 legerit.
594 3937 806 4003 Paulo
856 3938 1031 4001 enim
1078 3943 1230 4019 post
1277 3937 1362 4018 (p.
1408 3937 1529 4000 127
1549 3934 1631 4018 C)
1676 3934 1972 3998 iustitiae
2021 3953 2262 3995 nomen
2311 3937 2604 4013 apparet.

512 4044 819 4110 Ceterum
866 4046 1113 4127 primus
1162 4043 1287 4106 Rei
1335 4041 1637 4125 publicae
1686 4040 1855 4103 liber
1901 4038 2062 4103 locis
2111 4036 2424 4115 abundat,
2488 4034 2722 4119 quibus
2771 4033 3023 4099 Alcibi-

294 4154 439 4218 adis
486 4154 869 4235 scriptorem
917 4174 1106 4215 usum
1154 4172 1296 4213 esse
1344 4156 1681 4233 putamus;
1732 4146 1990 4211 confer:

440 4292 545 4347 Rei
584 4294 736 4363 publ.
774 4295 811 4346 l.
852 4294 881 4346 Ι
919 4293 1105 4348 341Εε
1167 4294 1439 4361 Ὠσπερ,
1476 4292 1661 4362 ἔφην]
1833 4289 1960 4340 Alc.
2003 4287 2196 4340 126A:
2272 4287 2519 4353 ὥσπερ
2574 4287 2649 4338 ἂν
2704 4288 2767 4338 εἰ
2821 4286 2891 4339 σύ
2941 4302 3030 4352 με

296 4385 454 4454 ἐγώ,
500 4386 569 4437 εἴ
602 4402 688 4451 με
734 4386 955 4453 ἔροιο,
1012 4386 1068 4437 εἰ
1119 4384 1355 4453 ἐξαρκεῖ
1404 4382 1629 4447 σώματι
1688 4381 1913 4447 ἔροιο·
1955 4379 2199 4444 ἄμεινον
2237 4374 2534 4429 διοικεῖται
2573 4380 2744 4440 σῶμα
2784 4375 2876 4426 και·
2914 4374 3030 4441 σῴ-

294 4472 447 4527 εέναι
474 4474 697 4541 σώματι
728 4474 759 4541 ἢ
788 4470 1135 4540 προςὸεῑταί
1160 4488 1337 4539 τινος,
1367 4468 1631 4537 εἴποιμ’
1688 4472 1850 4537 gerat
1887 4469 2049 4535 τίνος
2084 4464 2613 4535 παραγιγνομένου
2642 4464 2674 4530 ἢ
2705 4464 3030 4531 ἀπογιγνο-

300 4564 400 4629 dv,
448 4562 553 4615 ὅτι
588 4562 931 4614 παντάπασι
974 4561 1090 4627 μέν
1128 4558 1234 4613 οὖν
1270 4556 1631 4628 προςὸεῑται.
1659 4558 1900 4626 ,μένοις
1928 4554 2190 4622 εἴποιμ’
2215 4556 2296 4608 ἄν
2326 4555 2426 4607 ὅτι
2465 4554 2685 4621 ὑγιείας
2704 4552 2821 4619 μέν
2837 4569 3030 4621 παρα-

296 4650 397 4705 ὁιά
443 4661 623 4704 ταῦτα
668 4651 764 4703 καὶ
812 4650 843 4717 ἡ
892 4650 1063 4717 τέχνη
1120 4649 1281 4702 ἐστὶν
1328 4648 1361 4715 ὴ
1410 4645 1631 4715 ἰατρικὴ
1659 4651 1663 4697 i
1690 4646 2070 4715 γιγνομένης,
2107 4645 2294 4698 νόσου
2329 4641 2386 4697 δ’
2428 4641 2928 4710 ἀπογιγνομένης.
3013 4684 3016 4689 .

302 4750 406 4794 νῦν
433 4741 743 4809 εὑρημένη,
772 4740 857 4791 δτι
888 4739 1059 4805 σῶμά
1089 4739 1213 4791 ἐστι
1241 4737 1511 4805 πονηρὸν
1542 4737 1633 4788 καὶ

287 4833 407 4883 ·οὑκ
442 4830 679 4899 ἐξαρκεῖ
716 4832 871 4897 αὐτῷ
913 4830 1157 4895 τοιούτῳ
1197 4823 1363 4879 εἶναι.
1407 4866 1417 4877 .
1451 4866 1462 4877 .
1496 4865 1508 4878 .
1660 4831 1667 4895 Ι

2810 4923 2874 4975 4*
