3567 5109
801 1362 1005 1426 Certe
1050 1364 1228 1425 mira
1276 1368 1382 1423 est
1429 1362 1871 1443 synaloephe,
1919 1378 2093 1440 quae
2141 1360 2289 1422 sola
2325 1359 2681 1422 invenitur
2710 1360 2783 1421 in
2819 1359 2998 1420 thesi
3032 1362 3288 1437 quarta.

593 1468 767 1530 Nam
843 1486 996 1529 cum
1073 1466 1406 1529 Paulinus
1482 1466 1692 1528 etiam
1767 1467 1837 1528 in
1916 1466 2236 1527 trimetro
2313 1466 2612 1527 iambico
2657 1465 2869 1530 ,omni
2934 1462 3290 1541 diligentia

595 1572 994 1647 curaverit,·
1044 1578 1122 1633 ut
1168 1572 1384 1633 thesis
1432 1570 1674 1633 ultima
1722 1588 1901 1649 pura
1948 1576 2149 1647 esset,
2224 1588 2446 1648 neque
2494 1570 2865 1631 dimetrum
2920 1567 3285 1630 iambicum

593 1677 882 1739 elisione
948 1676 1354 1738 dissimilem
1419 1674 1829 1751 condiderit,
1874 1675 2096 1765 ‘nobis
2145 1674 2513 1755 scrupulus
2560 1676 2696 1734 iam
2763 1675 3143 1735 iniceretur
3206 1671 3289 1737 de

595 1783 729 1844 ista
790 1781 1079 1844 elisione
1143 1780 1255 1845 vel
1320 1780 1915 1842 consentientibus
1982 1779 2361 1841 codicibus,
2451 1780 2542 1840 At
2604 1779 2675 1841 hi
2742 1797 2883 1840 non
2959 1779 3289 1841 exhibent

595 1886 700 1962 (X,
752 1886 933 1963 100):
1001 1882 1252 1947 veniale
1315 1882 1624 1967 quidquid
1686 1884 1912 1947 horum
1973 1884 2155 1962 inest,
2219 1885 2340 1947 sed
2403 1881 2651 1944 veniale
2718 1886 2857 1963 (vel
2916 1879 3103 1943 aliud
3150 1884 3286 1961 Hn)

592 1986 905 2072 quidquid
985 1987 1168 2072 (quid
1229 1990 1319 2067 H,
1391 1989 1530 2071 quis
1584 1990 1658 2069 n)
1733 1987 1961 2049 horum
2026 1987 2303 2067 (hem-um
2366 1989 2474 2068 W)
2538 1996 2643 2051 est.
2734 1988 2954 2059 Quem
3028 1988 3291 2049 hiatum

603 2097 920 2159 nonnulli
967 2098 1103 2159 viri
1182 2096 1368 2158 docti
1443 2112 1803 2157 removere
1880 2096 2254 2157 voluerunt
2330 2093 2457 2155 hac
2532 2093 2864 2155 lectione:
2938 2088 3040 2151 vel
3112 2088 3295 2152 aliud

592 2196 813 2261 horum
858 2197 1167 2282 quidquid
1211 2210 1322 2277 est,
1371 2200 1658 2280 Peiper:
1721 2196 1969 2259 veniale
2014 2194 2327 2280 quidquid
2371 2196 2593 2257 horum
2622 2197 2767 2271 erit,·
2831 2197 3295 2259 Zechmeister

594 2311 826 2369 autem
890 2306 1277 2382 lectionem,
1343 2323 1546 2385 quam
1613 2322 1824 2383 supra
1873 2304 2249 2383 attulimus,
2319 2303 2774 2366 commendat.
2865 2302 3041 2365 Sane
3088 2302 3295 2364 Zech·

596 2413 902 2474 meisteri
978 2418 1048 2473 et
1123 2410 1399 2490 Peiperi
1480 2410 1917 2472 coniecturae
1994 2410 2277 2471 obstare
2355 2410 2633 2471 videtur
2707 2408 2905 2469 elisio
2982 2410 3053 2469 in
3118 2407 3299 2468 thesi

596 2523 872 2594 quarta;
924 2516 996 2576 in
1031 2522 1421 2578 ceterorum
1472 2533 1643 2577 vero
1692 2517 1985 2577 lectione
2036 2532 2244 2593 aegre
2275 2516 2602 2593 cognosci
2652 2518 2903 2593 potest,
2951 2512 3119 2590 quid
3170 2512 3300 2573 sibi

596 2620 768 2681 velit
813 2616 913 2679 vel
958 2615 1172 2694 aliud,-
1230 2637 1445 2698 quare
1491 2619 1815 2699 praefero
1862 2621 2249 2693 lectionem,
2316 2638 2518 2697 quam
2569 2619 2910 2696 sagaciter
2944 2616 3304 2678 Hartelius

597 2726 932 2805 proponit
981 2724 1072 2801 (p.
1122 2723 1220 2799 6):

1205 2872 1491 2922 veniabile
1529 2869 1632 2933 (vel
1666 2874 1892 2922 veniale
1930 2875 2003 2933 et)
2046 2875 2247 2923 horum
2287 2873 2572 2935 quidquid
2612 2876 2706 2928 est.

1380 3179 1437 3230 e.
1487 3162 1574 3232 ne
1623 3164 2083 3248 louaoedorum
2131 3164 2526 3235 elisionibus,
2635 3224 2638 3227 .
2726 3245 2735 3255 ¹

804 3358 886 3421 In
952 3377 1034 3421 eo
1101 3376 1332 3435 versu,
1410 3376 1614 3437 quem
1695 3361 2176 3441 sapphicum
2239 3362 2622 3423 maiorem
2686 3360 2918 3423 dicere
2979 3362 3314 3437 solemuS‚

599 3463 1025 3543 synaloephe
1102 3462 1566 3525 severissimis
1643 3464 1917 3543 legibus
1995 3466 2406 3527 continetur.
2501 3465 2796 3527 Omissis
2860 3466 3046 3527 enim
3113 3466 3313 3527 elisis

598 3568 864 3631 voculis
913 3571 1028 3646 ,ne’
1081 3568 1316 3648 (XVII,
1389 3568 1451 3644 1)
1503 3575 1570 3630 et
1618 3572 1768 3649 ,que’
1820 3570 2055 3648 (XVII,
2123 3570 2275 3646 270)
2344 3570 2769 3649 synaloephe
2816 3576 3097 3632 arcetur
3148 3590 3189 3633 a
3235 3572 3313 3645 1.‚

599 3673 703 3750 II.,
747 3674 880 3749 IV„
926 3674 1055 3751 VI„
1104 3674 1270 3751 VII„
1317 3674 1412 3751 X.‚
1462 3672 1572 3736 XI.
1623 3674 1887 3755 syllaba
1932 3675 2137 3736 huius
2184 3693 2454 3737 versus.
2550 3675 2758 3737 Haud
2804 3676 3045 3755 plures
3093 3693 3315 3754 quam

599 3782 748 3838 tres
815 3778 1092 3840 vocales
1159 3780 1409 3856 longae
1473 3779 1831 3841 eliduntur
1894 3796 2152 3859 eaeque
2217 3780 2287 3839 in
2337 3779 2606 3857 syllaba
2670 3778 2878 3841 tertia
2942 3780 3158 3853 XVII,
3232 3788 3311 3839 15

598 3887 705 3941 tuo
765 3878 1089 3958 accedens,
1159 3888 1280 3941 189
1330 3880 1512 3965 freto
1579 3901 1841 3961 emenso,
1920 3884 2131 3946 semel
2194 3886 2266 3945 in
2334 3883 2620 3962 syllaba,
2699 3900 2879 3962 quae
2956 3884 3319 3946 antecedit

597 3985 828 4047 lecum
893 4002 1218 4047 caesurae
1284 3986 1851 4064 penthemimeris
1919 3987 2129 4065 XVH,
2208 3992 2331 4049 210
2392 3984 2548 4048 bello
2612 3986 2677 4047 in
2700 3984 2719 4072 ΙΙ
2738 3984 2975 4051 domiti.
3068 3986 3321 4051 Latius

599 4106 770 4168 ergo
817 4089 1283 4169 synaloephae
1314 4098 1559 4170 patere
1593 4091 1875 4155 videtur
1923 4093 2313 4156 membrum
2346 4111 2592 4155 versus
2626 4094 2931 4169 tertium,
2979 4096 3321 4171 quoniam

599 4192 732 4255 hoc
778 4193 936 4255 loco
984 4193 1173 4256 XVII
1221 4195 1473 4257 breves
1521 4215 1798 4275 quoque
1846 4198 2217 4260 eliduntur.

811 4297 1069 4359 Versus
1118 4298 1367 4363 deinde
1415 4301 1801 4377 AdoniuS‚
1852 4303 1971 4381 qui
2020 4320 2174 4363 cum
2224 4300 2566 4380 Sapphico
2610 4302 2685 4363 in
2734 4300 3103 4382 stropham
3153 4320 3321 4363 con-

601 4401 936 4479 iungitur,
984 4403 1255 4465 nullum
1303 4408 1598 4484 praebet
1645 4406 1958 4468 elisionis
2006 4407 2415 4487 exemplum.

811 4505 1082 4578 Quibus
1132 4508 1430 4589 denique
1478 4529 1703 4591 pauca
1753 4511 2089 4573 addemus
2155 4512 2240 4572 de
2284 4528 2495 4573 versu
2540 4512 3112 4591 AsclepiadeO.
3208 4512 3325 4573 Ex

601 4627 824 4688 parvo
871 4630 1036 4675 sane
1084 4631 1415 4677 versuum
1461 4632 1752 4679 numero
1810 4650 1895 4657 —
1959 4634 2185 4694 neque
2254 4622 2418 4677 sunt
2472 4615 2709 4695 plures
2770 4634 2979 4695 quam
3038 4614 3169 4677 XX
3222 4612 3329 4671 .—‘-

599 4712 810 4793 legeS,
860 4735 1030 4795 quas
1086 4725 1364 4779 secutus
1413 4726 1515 4780 est
1561 4719 1910 4793 Paulinus,
1960 4722 2285 4798 cognosci
2316 4721 2429 4779 vix
2466 4728 2771 4798 possunt.
2822 4723 2909 4783 At
2941 4724 3330 4801 ρκ’-11811015
