<?xml version="1.0" encoding="UTF-8"?>
<!DOCTYPE html PUBLIC "-//W3C//DTD XHTML 1.0 Transitional//EN"
    "http://www.w3.org/TR/xhtml1/DTD/xhtml1-transitional.dtd">
<html xmlns="http://www.w3.org/1999/xhtml" xml:lang="en" lang="en">
 <head>
  <title>
</title>
<meta http-equiv="Content-Type" content="text/html;charset=utf-8" />
  <meta name='ocr-system' content='tesseract 3.04.00' />
  <meta name='ocr-capabilities' content='ocr_page ocr_carea ocr_par ocr_line ocrx_word'/>
</head>
<body>
  <div class='ocr_page' id='page_1' title='image "./dissertationesp09wiengoog_0207.png"; bbox 0 0 3567 5109; ppageno 0'>
   <div class='ocr_carea' id='block_1_1' title="bbox 985 0 3058 99">
    <p class='ocr_par' dir='ltr' id='par_1_1' title="bbox 985 0 3058 99">
     <span class='ocr_line' id='line_1_1' title="bbox 985 0 3058 99; baseline -0 -39"><span class='ocrx_word' id='word_1_1' title='bbox 985 22 1113 43; x_wconf 62' lang='lat' dir='ltr'>-v‘</span> <span class='ocrx_word' id='word_1_2' title='bbox 1898 2 1999 60; x_wconf 50' lang='lat'>2*</span> <span class='ocrx_word' id='word_1_3' title='bbox 2850 0 3058 99; x_wconf 49' lang='grc' dir='ltr'>*Κιχ</span> 
     </span>
    </p>
   </div>
   <div class='ocr_carea' id='block_1_2' title="bbox 3065 138 3114 165">
    <p class='ocr_par' dir='ltr' id='par_1_2' title="bbox 3065 138 3114 165">
     <span class='ocr_line' id='line_1_2' title="bbox 3065 138 3114 165; baseline 0 -10"><span class='ocrx_word' id='word_1_4' title='bbox 3065 138 3114 165; x_wconf 40' lang='lat'><em>5</em></span> 
     </span>
    </p>
   </div>
   <div class='ocr_carea' id='block_1_3' title="bbox 3093 170 3180 231">
    <p class='ocr_par' dir='ltr' id='par_1_3' title="bbox 3093 170 3189 231">
     <span class='ocr_line' id='line_1_3' title="bbox 3093 170 3180 231; baseline 0 -56"><span class='ocrx_word' id='word_1_5' title='bbox 3093 170 3180 231; x_wconf 34' lang='grc' dir='ltr'>Χ</span> 
     </span>
    </p>
   </div>
   <div class='ocr_carea' id='block_1_4' title="bbox 3175 225 3246 283">
    <p class='ocr_par' dir='ltr' id='par_1_4' title="bbox 3175 225 3246 283">
     <span class='ocr_line' id='line_1_4' title="bbox 3175 225 3246 283; textangle 90"><span class='ocrx_word' id='word_1_6' title='bbox 3175 225 3246 283; x_wconf 65' lang='lat' dir='ltr'>s(</span> 
     </span>
    </p>
   </div>
   <div class='ocr_carea' id='block_1_5' title="bbox 1526 280 2002 343">
    <p class='ocr_par' dir='ltr' id='par_1_5' title="bbox 1526 280 2002 343">
     <span class='ocr_line' id='line_1_5' title="bbox 1526 280 2002 343; baseline 0.002 -1"><span class='ocrx_word' id='word_1_7' title='bbox 1526 280 2002 343; x_wconf 82' lang='lat'>-199—</span> 
     </span>
    </p>
   </div>
   <div class='ocr_carea' id='block_1_6' title="bbox 334 471 3139 1817">
    <p class='ocr_par' dir='ltr' id='par_1_6' title="bbox 334 471 3135 1289">
     <span class='ocr_line' id='line_1_6' title="bbox 414 471 3131 555; baseline -0.001 -18"><span class='ocrx_word' id='word_1_8' title='bbox 414 478 915 555; x_wconf 79' lang='lat' dir='ltr'><strong>composuerat,</strong></span> <span class='ocrx_word' id='word_1_9' title='bbox 997 490 1161 536; x_wconf 90' lang='lat' dir='ltr'>usus</span> <span class='ocrx_word' id='word_1_10' title='bbox 1248 480 1367 535; x_wconf 83' lang='lat' dir='ltr'>est.</span> <span class='ocrx_word' id='word_1_11' title='bbox 1446 471 1735 535; x_wconf 87' lang='lat' dir='ltr'><strong>Etiamsi</strong></span> <span class='ocrx_word' id='word_1_12' title='bbox 1833 476 1994 536; x_wconf 86' lang='lat' dir='ltr'>haec</span> <span class='ocrx_word' id='word_1_13' title='bbox 2071 491 2222 535; x_wconf 84' lang='lat' dir='ltr'>mea</span> <span class='ocrx_word' id='word_1_14' title='bbox 2314 474 2688 553; x_wconf 80' lang='lat' dir='ltr'>explicatio</span> <span class='ocrx_word' id='word_1_15' title='bbox 2764 472 3131 553; x_wconf 88' lang='lat' dir='ltr'>probatur,</span> 
     </span>
     <span class='ocr_line' id='line_1_7' title="bbox 415 577 3129 657; baseline 0 -18"><span class='ocrx_word' id='word_1_16' title='bbox 415 578 880 650; x_wconf 83' lang='lat' dir='ltr'>Quintilianus</span> <span class='ocrx_word' id='word_1_17' title='bbox 927 584 1155 640; x_wconf 83' lang='lat' dir='ltr'>tamen</span> <span class='ocrx_word' id='word_1_18' title='bbox 1204 586 1391 641; x_wconf 88' lang='lat' dir='ltr'>recte</span> <span class='ocrx_word' id='word_1_19' title='bbox 1447 577 1677 641; x_wconf 86' lang='lat' dir='ltr'>dicere</span> <span class='ocrx_word' id='word_1_20' title='bbox 1731 580 1956 657; x_wconf 89' lang='lat' dir='ltr'>potuit</span> <span class='ocrx_word' id='word_1_21' title='bbox 2004 596 2078 640; x_wconf 89' lang='lat' dir='ltr'>se</span> <span class='ocrx_word' id='word_1_22' title='bbox 2123 596 2248 657; x_wconf 88' lang='lat' dir='ltr'>per</span> <span class='ocrx_word' id='word_1_23' title='bbox 2297 578 2650 641; x_wconf 83' lang='lat' dir='ltr'>biennium</span> <span class='ocrx_word' id='word_1_24' title='bbox 2703 578 3129 657; x_wconf 84' lang='lat' dir='ltr'>inquisitioni</span> 
     </span>
     <span class='ocr_line' id='line_1_8' title="bbox 414 682 3132 763; baseline -0.001 -17"><span class='ocrx_word' id='word_1_25' title='bbox 414 690 480 746; x_wconf 87' lang='lat' dir='ltr'>et</span> <span class='ocrx_word' id='word_1_26' title='bbox 524 683 839 762; x_wconf 88' lang='lat' dir='ltr'>legendis</span> <span class='ocrx_word' id='word_1_27' title='bbox 884 682 1284 745; x_wconf 86' lang='lat' dir='ltr'>auctoribus</span> <span class='ocrx_word' id='word_1_28' title='bbox 1334 689 1555 745; x_wconf 87' lang='lat' dir='ltr'>totum</span> <span class='ocrx_word' id='word_1_29' title='bbox 1603 702 1677 745; x_wconf 88' lang='lat' dir='ltr'>se</span> <span class='ocrx_word' id='word_1_30' title='bbox 1724 683 2018 761; x_wconf 83' lang='lat' dir='ltr'>dedisse,</span> <span class='ocrx_word' id='word_1_31' title='bbox 2087 684 2275 763; x_wconf 89' lang='lat' dir='ltr'>quod</span> <span class='ocrx_word' id='word_1_32' title='bbox 2339 702 2515 761; x_wconf 90' lang='lat' dir='ltr'>eum,</span> <span class='ocrx_word' id='word_1_33' title='bbox 2581 702 2751 762; x_wconf 89' lang='lat' dir='ltr'>quae</span> <span class='ocrx_word' id='word_1_34' title='bbox 2809 689 3004 745; x_wconf 88' lang='lat' dir='ltr'>antea</span> <span class='ocrx_word' id='word_1_35' title='bbox 3061 683 3132 744; x_wconf 90' lang='lat' dir='ltr'>in</span> 
     </span>
     <span class='ocr_line' id='line_1_9' title="bbox 413 787 3132 869; baseline -0.001 -18"><span class='ocrx_word' id='word_1_36' title='bbox 413 787 643 851; x_wconf 89' lang='lat' dir='ltr'>schola</span> <span class='ocrx_word' id='word_1_37' title='bbox 676 787 1033 867; x_wconf 85' lang='lat' dir='ltr'>discipulis</span> <span class='ocrx_word' id='word_1_38' title='bbox 1064 794 1521 868; x_wconf 80' lang='lat' dir='ltr'>praeceperat,</span> <span class='ocrx_word' id='word_1_39' title='bbox 1571 788 1798 851; x_wconf 87' lang='lat' dir='ltr'>denuo</span> <span class='ocrx_word' id='word_1_40' title='bbox 1829 791 2356 869; x_wconf 85' lang='lat' dir='ltr'>pertractavisse</span> <span class='ocrx_word' id='word_1_41' title='bbox 2387 796 2454 849; x_wconf 89' lang='lat' dir='ltr'>et</span> <span class='ocrx_word' id='word_1_42' title='bbox 2486 788 2714 851; x_wconf 80' lang='lat' dir='ltr'>fontes</span> <span class='ocrx_word' id='word_1_43' title='bbox 2747 788 3132 867; x_wconf 86' lang='lat' dir='ltr'>inspexisse</span> 
     </span>
     <span class='ocr_line' id='line_1_10' title="bbox 414 892 3135 975; baseline -0.001 -20"><span class='ocrx_word' id='word_1_44' title='bbox 414 896 559 955; x_wconf 83' lang='lat' dir='ltr'>veri</span> <span class='ocrx_word' id='word_1_45' title='bbox 606 892 831 955; x_wconf 88' lang='lat' dir='ltr'>simile</span> <span class='ocrx_word' id='word_1_46' title='bbox 864 899 998 967; x_wconf 85' lang='lat' dir='ltr'>est;</span> <span class='ocrx_word' id='word_1_47' title='bbox 1050 910 1212 956; x_wconf 86' lang='lat' dir='ltr'>nam</span> <span class='ocrx_word' id='word_1_48' title='bbox 1254 892 1388 957; x_wconf 92' lang='lat' dir='ltr'>hoc</span> <span class='ocrx_word' id='word_1_49' title='bbox 1420 912 1560 955; x_wconf 91' lang='lat' dir='ltr'>uno</span> <span class='ocrx_word' id='word_1_50' title='bbox 1594 893 1822 970; x_wconf 92' lang='lat' dir='ltr'>mod0,</span> <span class='ocrx_word' id='word_1_51' title='bbox 1871 912 2048 975; x_wconf 88' lang='lat' dir='ltr'>quae</span> <span class='ocrx_word' id='word_1_52' title='bbox 2080 893 2559 974; x_wconf 83' lang='lat' dir='ltr'>publicaturus</span> <span class='ocrx_word' id='word_1_53' title='bbox 2605 899 2770 968; x_wconf 86' lang='lat' dir='ltr'>erat,</span> <span class='ocrx_word' id='word_1_54' title='bbox 2819 892 3135 971; x_wconf 89' lang='lat' dir='ltr'>expolire</span> 
     </span>
     <span class='ocr_line' id='line_1_11' title="bbox 416 997 3133 1079; baseline -0.001 -18"><span class='ocrx_word' id='word_1_55' title='bbox 416 998 659 1078; x_wconf 90' lang='lat' dir='ltr'>potuit.</span> <span class='ocrx_word' id='word_1_56' title='bbox 735 997 964 1070; x_wconf 82' lang='lat' dir='ltr'>Quare</span> <span class='ocrx_word' id='word_1_57' title='bbox 1018 998 1311 1079; x_wconf 88' lang='lat' dir='ltr'>plurima</span> <span class='ocrx_word' id='word_1_58' title='bbox 1376 1004 1761 1079; x_wconf 84' lang='lat' dir='ltr'>praecepta,</span> <span class='ocrx_word' id='word_1_59' title='bbox 1814 1017 1986 1079; x_wconf 87' lang='lat' dir='ltr'>quae</span> <span class='ocrx_word' id='word_1_60' title='bbox 2049 1017 2234 1062; x_wconf 88' lang='lat' dir='ltr'>nunc</span> <span class='ocrx_word' id='word_1_61' title='bbox 2280 1000 2351 1061; x_wconf 93' lang='lat' dir='ltr'>in</span> <span class='ocrx_word' id='word_1_62' title='bbox 2414 999 2612 1061; x_wconf 88' lang='lat' dir='ltr'>libris</span> <span class='ocrx_word' id='word_1_63' title='bbox 2667 997 3133 1060; x_wconf 88' lang='lat' dir='ltr'>Institutionis</span> 
     </span>
     <span class='ocr_line' id='line_1_12' title="bbox 334 1097 3135 1184; baseline -0.001 -18"><span class='ocrx_word' id='word_1_64' title='bbox 334 1097 340 1104; x_wconf 69' lang='grc'><strong><em>’</em></strong></span> <span class='ocrx_word' id='word_1_65' title='bbox 420 1106 761 1166; x_wconf 81' lang='lat' dir='ltr'>oratoriae</span> <span class='ocrx_word' id='word_1_66' title='bbox 842 1103 1185 1183; x_wconf 89' lang='lat' dir='ltr'>leguntur,</span> <span class='ocrx_word' id='word_1_67' title='bbox 1268 1103 1763 1175; x_wconf 81' lang='lat' dir='ltr'>Quintilianum</span> <span class='ocrx_word' id='word_1_68' title='bbox 1841 1106 1977 1168; x_wconf 88' lang='lat' dir='ltr'>iam</span> <span class='ocrx_word' id='word_1_69' title='bbox 2055 1102 2412 1184; x_wconf 89' lang='lat' dir='ltr'>discipulis</span> <span class='ocrx_word' id='word_1_70' title='bbox 2490 1104 2633 1166; x_wconf 91' lang='lat' dir='ltr'>suis</span> <span class='ocrx_word' id='word_1_71' title='bbox 2728 1101 3135 1183; x_wconf 85' lang='lat' dir='ltr'>exposuisse</span> 
     </span>
     <span class='ocr_line' id='line_1_13' title="bbox 420 1208 1215 1289; baseline 0 -19"><span class='ocrx_word' id='word_1_72' title='bbox 420 1208 784 1288; x_wconf 85' lang='lat' dir='ltr'>probabile</span> <span class='ocrx_word' id='word_1_73' title='bbox 832 1225 981 1271; x_wconf 86' lang='lat' dir='ltr'>esse</span> <span class='ocrx_word' id='word_1_74' title='bbox 1027 1217 1215 1289; x_wconf 89' lang='lat' dir='ltr'>put0.</span> 
     </span>
    </p>

    <p class='ocr_par' dir='ltr' id='par_1_7' title="bbox 419 1312 3139 1817">
     <span class='ocr_line' id='line_1_14' title="bbox 625 1312 3136 1395; baseline -0.001 -20"><span class='ocrx_word' id='word_1_75' title='bbox 625 1312 793 1377; x_wconf 89' lang='lat' dir='ltr'>Ideo</span> <span class='ocrx_word' id='word_1_76' title='bbox 836 1332 992 1377; x_wconf 89' lang='lat' dir='ltr'>cum</span> <span class='ocrx_word' id='word_1_77' title='bbox 1038 1316 1316 1395; x_wconf 89' lang='lat' dir='ltr'>plurimi</span> <span class='ocrx_word' id='word_1_78' title='bbox 1359 1315 1704 1379; x_wconf 85' lang='lat' dir='ltr'>Iuvenalis</span> <span class='ocrx_word' id='word_1_79' title='bbox 1756 1316 1889 1378; x_wconf 92' lang='lat' dir='ltr'>loci</span> <span class='ocrx_word' id='word_1_80' title='bbox 1936 1335 1972 1379; x_wconf 85' lang='lat' dir='ltr'>a</span> <span class='ocrx_word' id='word_1_81' title='bbox 2017 1334 2126 1379; x_wconf 90' lang='lat' dir='ltr'>me</span> <span class='ocrx_word' id='word_1_82' title='bbox 2171 1314 2425 1395; x_wconf 88' lang='lat' dir='ltr'>prolati</span> <span class='ocrx_word' id='word_1_83' title='bbox 2473 1312 2622 1377; x_wconf 87' lang='lat' dir='ltr'>eius</span> <span class='ocrx_word' id='word_1_84' title='bbox 2671 1316 2809 1375; x_wconf 87' lang='lat' dir='ltr'>sint</span> <span class='ocrx_word' id='word_1_85' title='bbox 2840 1312 3136 1391; x_wconf 77' lang='lat' dir='ltr'>generiS,</span> 
     </span>
     <span class='ocr_line' id='line_1_15' title="bbox 419 1414 3139 1500; baseline 0 -23"><span class='ocrx_word' id='word_1_86' title='bbox 419 1422 495 1478; x_wconf 88' lang='lat' dir='ltr'>ut</span> <span class='ocrx_word' id='word_1_87' title='bbox 529 1434 701 1495; x_wconf 88' lang='lat' dir='ltr'>quae</span> <span class='ocrx_word' id='word_1_88' title='bbox 734 1436 889 1480; x_wconf 91' lang='lat' dir='ltr'>cum</span> <span class='ocrx_word' id='word_1_89' title='bbox 921 1417 1345 1490; x_wconf 87' lang='lat' dir='ltr'>Quintiliano</span> <span class='ocrx_word' id='word_1_90' title='bbox 1393 1421 1848 1499; x_wconf 85' lang='lat' dir='ltr'>congruentia</span> <span class='ocrx_word' id='word_1_91' title='bbox 1879 1426 2150 1500; x_wconf 87' lang='lat' dir='ltr'>reperta</span> <span class='ocrx_word' id='word_1_92' title='bbox 2181 1425 2360 1493; x_wconf 88' lang='lat' dir='ltr'>sunt,</span> <span class='ocrx_word' id='word_1_93' title='bbox 2407 1437 2484 1481; x_wconf 90' lang='lat' dir='ltr'>ea</span> <span class='ocrx_word' id='word_1_94' title='bbox 2529 1418 2923 1480; x_wconf 84' lang='lat' dir='ltr'>Iuvenalem</span> <span class='ocrx_word' id='word_1_95' title='bbox 2956 1414 3139 1495; x_wconf 91' lang='lat' dir='ltr'>apud</span> 
     </span>
     <span class='ocr_line' id='line_1_16' title="bbox 420 1519 3137 1605; baseline 0 -22"><span class='ocrx_word' id='word_1_96' title='bbox 420 1519 918 1591; x_wconf 85' lang='lat' dir='ltr'>Quintilianum</span> <span class='ocrx_word' id='word_1_97' title='bbox 966 1525 1307 1587; x_wconf 88' lang='lat' dir='ltr'>audiendo</span> <span class='ocrx_word' id='word_1_98' title='bbox 1343 1543 1771 1604; x_wconf 86' lang='lat' dir='ltr'>cognoscere</span> <span class='ocrx_word' id='word_1_99' title='bbox 1818 1529 2130 1605; x_wconf 88' lang='lat' dir='ltr'>potuisse</span> <span class='ocrx_word' id='word_1_100' title='bbox 2175 1543 2394 1599; x_wconf 90' lang='lat' dir='ltr'>nem0‚</span> <span class='ocrx_word' id='word_1_101' title='bbox 2443 1526 2560 1602; x_wconf 90' lang='lat' dir='ltr'>qui</span> <span class='ocrx_word' id='word_1_102' title='bbox 2606 1521 2772 1585; x_wconf 91' lang='lat' dir='ltr'>haec</span> <span class='ocrx_word' id='word_1_103' title='bbox 2822 1520 3137 1601; x_wconf 83' lang='lat' dir='ltr'>exempla</span> 
     </span>
     <span class='ocr_line' id='line_1_17' title="bbox 420 1628 3136 1707; baseline 0 -19"><span class='ocrx_word' id='word_1_104' title='bbox 420 1628 930 1706; x_wconf 82' lang='lat' dir='ltr'>perquisiverit,</span> <span class='ocrx_word' id='word_1_105' title='bbox 978 1648 1120 1692; x_wconf 89' lang='lat' dir='ltr'>non</span> <span class='ocrx_word' id='word_1_106' title='bbox 1153 1630 1505 1707; x_wconf 90' lang='lat' dir='ltr'>concedat,</span> <span class='ocrx_word' id='word_1_107' title='bbox 1552 1630 1885 1699; x_wconf 75' lang='lat' dir='ltr'>nihiliam</span> <span class='ocrx_word' id='word_1_108' title='bbox 1920 1632 2196 1693; x_wconf 86' lang='lat' dir='ltr'>obstare</span> <span class='ocrx_word' id='word_1_109' title='bbox 2229 1631 2547 1705; x_wconf 84' lang='lat' dir='ltr'>arbitror,</span> <span class='ocrx_word' id='word_1_110' title='bbox 2579 1631 2950 1707; x_wconf 86' lang='lat' dir='ltr'>quominus</span> <span class='ocrx_word' id='word_1_111' title='bbox 2981 1645 3136 1689; x_wconf 88' lang='lat' dir='ltr'>eum</span> 
     </span>
     <span class='ocr_line' id='line_1_18' title="bbox 425 1730 2725 1817; baseline 0.002 -27"><span class='ocrx_word' id='word_1_112' title='bbox 425 1747 461 1791; x_wconf 90' lang='lat' dir='ltr'>e</span> <span class='ocrx_word' id='word_1_113' title='bbox 511 1730 915 1817; x_wconf 79' lang='lat' dir='ltr'>Quintiliani</span> <span class='ocrx_word' id='word_1_114' title='bbox 962 1735 1192 1797; x_wconf 88' lang='lat' dir='ltr'>schola</span> <span class='ocrx_word' id='word_1_115' title='bbox 1236 1734 1627 1814; x_wconf 80' lang='lat' dir='ltr'>profectum</span> <span class='ocrx_word' id='word_1_116' title='bbox 1677 1739 1823 1797; x_wconf 90' lang='lat' dir='ltr'>veri</span> <span class='ocrx_word' id='word_1_117' title='bbox 1869 1737 2088 1797; x_wconf 89' lang='lat' dir='ltr'>simile</span> <span class='ocrx_word' id='word_1_118' title='bbox 2135 1752 2286 1797; x_wconf 90' lang='lat' dir='ltr'>esse</span> <span class='ocrx_word' id='word_1_119' title='bbox 2330 1739 2725 1795; x_wconf 71' lang='lat' dir='ltr'>statuamus</span> 
     </span>
    </p>
   </div>
  </div>
 </body>
</html>
