3567 5109
1402 296 1889 358 -147—

271 507 580 573 vocabuli
635 509 1016 593 patr-theare,
1085 528 1215 590 quo
1282 508 1514 571 comici
1567 512 1865 585 utuntur,
1931 529 2178 572 memor
2229 511 2599 574 mtrz'ssem
2664 511 3001 576 emendari

267 615 480 696 iubet,
529 615 708 698 quod
751 621 1137 680 matre-seam
1181 614 1356 680 idem
1395 615 1482 679 sit
1519 635 1598 680 ac
1632 621 1847 679 ‘mater
1878 615 2063 699 fiam,
2111 618 2440 681 sententia
2478 625 2697 682 autem
2734 617 3001 684 verbum

271 721 708 800 desideretur,
775 720 950 804 quod
997 720 1324 804 significet
1366 721 1604 786 ‘matris
1649 721 1893 785 similes
1946 723 2129 805 flam.
2222 719 2407 806 Quae
2457 722 2792 788 distinctio
2840 724 3001 790 mihi

271 829 581 894 subtilior
615 828 896 908 videtur,
943 849 1142 912 quam
1179 834 1254 891 ut
1293 849 1370 892 ea
1405 825 1696 892 confisus
1735 829 2186 894 coniecturam
2222 828 2521 895 audeam.
2568 827 2641 895 Si
2668 831 2999 896 Pacuvius

269 939 676 1021 scripsisset:
741 937 1014 1001 Utinam
1056 957 1240 1000 nuuc
1273 936 1536 1020 inqenio
1573 941 1782 1000 vatter
1817 935 2002 1019 fiam,
2050 936 2195 1017 quis
2236 957 2479 1019 quaeso
2520 937 2793 1017 dubitet,
2842 939 3003 1021 quin

270 1043 796 1131 intellegendum
834 1043 946 1106 sit:
986 1043 1254 1107 utinam
1277 1064 1460 1107 mmc
1485 1064 1755 1106 saevum
1781 1044 2017 1107 matris
2044 1044 2388 1126 inqenium
2413 1045 2734 1110 induam?
2774 1044 3002 1130 Atque

269 1179 362 1223 ne
409 1154 593 1221 notio
639 1151 792 1216 novi
839 1148 1019 1213 verbi
1067 1149 1282 1212 minus
1329 1147 1510 1213 clara
1555 1155 1748 1226 esset,
1812 1154 2011 1231 poeta
2068 1149 2295 1214 addito
2342 1151 2605 1234 inqenio
2652 1151 3003 1220 consuluit.

273 1265 428 1349 Quo
465 1261 612 1326 loco
651 1257 1183 1341 antiquissimum
1219 1261 1467 1319 certum
1505 1254 1879 1338 exemplum
1914 1255 2093 1320 verbi
2131 1256 2491 1322 incohativi
2521 1280 2560 1323 a
2592 1257 3001 1324 substantivo

269 1369 554 1435 derivati
610 1384 966 1449 agnoscere
1024 1360 1352 1430 debemus,
1446 1360 1570 1428 Oui
1626 1364 1722 1427 rei
1779 1361 2147 1428 observatio
2195 1363 2363 1428 bene
2413 1365 2735 1444 convenit,
2803 1387 3001 1450 quam
3059 1440 3068 1448 ,

270 1477 432 1544 Sittl
482 1474 549 1559 (l.
594 1473 636 1540 1.
682 1494 746 1555 p.
785 1471 942 1553 483)
979 1467 1252 1552 profert,
1302 1473 1455 1532 ante
1497 1467 1839 1534 Ciceronis
1886 1475 2171 1534 aetatem
2216 1470 2289 1534 in
2328 1471 2661 1536 cotidiano
2700 1493 2999 1538 sermone

267 1583 460 1650 nulla
521 1579 900 1646 incohativa
964 1597 1044 1640 ex
1106 1575 1446 1639 adjectivis
1512 1575 1714 1641 ducta
1777 1576 2165 1661 pervulgata
2220 1576 2444 1656 fuisse,
2511 1580 2641 1643 nisi
2698 1579 2878 1664 quod
2923 1581 2996 1646 in

269 1690 654 1756 sublimiore
699 1686 1100 1767 tragicorum
1155 1688 1221 1746 et
1267 1681 1586 1748 Sisennae
1642 1703 1882 1766 genere
1931 1683 2193 1749 dicendi
2253 1683 2509 1768 aliquot
2555 1693 3000 1754 occurrerent„

271 1798 467 1864 Talia
531 1793 726 1860 verba
791 1791 1090 1856 solitaria
1155 1795 1334 1854 sunt:
1418 1787 1488 1854 A
1509 1791 1638 1854 274
1693 1791 2113 1873 celebrescere,
2177 1790 2244 1856 A
2265 1793 2394 1856 440
2440 1793 2995 1876 permandeseere,

272 1906 344 1972 A
367 1907 494 1970 163
539 1907 942 1981 sancteseere,
989 1897 1056 1962 A
1079 1898 1208 1961 600
1254 1903 1618 1975 vaste-scere,
1667 1895 1907 1979 quibus
1953 1896 2233 1962 fortasse
2280 1897 2847 1964 adnumerandum
2898 1906 3000 1964 est

273 2013 335 2078 P
357 2013 482 2077 107
530 2009 873 2085 certiseere,
939 2003 1119 2089 quod
1171 2003 1293 2066 viri
1349 2001 1526 2067 docti
1584 2023 1664 2066 ex
1707 2002 1882 2071 Non.
1929 2026 1993 2087 p.
2036 2006 2141 2083 89,
2191 2006 2277 2069 20
2326 2007 2670 2070 certas-sant
2703 2033 2789 2064 -.-.-·
2828 2012 2998 2071 certa

272 2121 451 2205 fiant
491 2116 1062 2198 recuperaverunt3

489 2222 728 2300 Α122,
780 2221 905 2283 134
949 2221 1228 2281 mertare
1271 2243 1360 2272 =
1407 2236 1714 2295 mersare,
1763 2215 1843 2282 cf.
1893 2214 2116 2301 Quint.
2160 2215 2323 2284 Inst.
2376 2238 2466 2283 or.
2511 2215 2551 2282 Ι
2597 2219 2659 2296 4,
2712 2220 2793 2282 14
2840 2219 2993 2284 haec

269 2334 421 2417 ‘ipsa
474 2353 509 2394 s
563 2330 776 2392 littera
829 2326 910 2390 ab
953 2325 1058 2388 his
1100 2323 1484 2387 nominibus
1528 2324 1789 2387 exclusa
1840 2324 1917 2387 in
1961 2324 2356 2408 quibusdam
2408 2324 2559 2409 ipsa
2601 2325 2796 2390 alteri
2834 2347 2989 2392 sac-

271 2440 493 2517 eessit;
541 2456 702 2500 nam
748 2435 766 2466 ‘
780 2432 1078 2496 mertare’
1125 2435 1318 2514 atque
1366 2431 1678 2514 ‘pultare’
1727 2429 2054 2510 dicebant,-

484 2541 554 2608 A
575 2543 700 2606 421
751 2539 1120 2622 orbifieare,·

481 2649 542 2714 P
563 2651 648 2713 48
679 2645 1130 2732 praeyradare,
1169 2642 1497 2706 recentior
1536 2642 1720 2725 origo
1754 2643 1902 2725 ipso
1941 2664 1983 2707 a
2017 2663 2152 2707 non
2188 2643 2259 2706 in
2288 2665 2319 2707 e
2348 2649 2602 2709 mutato
2631 2643 2989 2726 indicatur;

481 2755 542 2820 P
561 2756 691 2819 324
737 2752 1116 2828 restibilem,-

483 2862 550 2926 A
573 2863 700 2926 568
747 2878 1154 2935 savem-sare,-

486 2969 702 3034 A575
755 2986 1040 3051 suppare
1083 2991 1170 3020 =
1217 2963 1548 3044 supinare,
1617 2962 1701 3027 cf.
1750 2963 1925 3028 Fest.
1974 2965 2131 3046 (290
2172 2962 2285 3044 Μ.,
2345 2965 2474 3029 410
2504 2963 2653 3048 Th.)
2697 2986 2991 3049 suppum

269 3078 533 3162 antiqui
575 3075 885 3154 dicebant,
931 3093 1126 3155 quem
1171 3091 1352 3134 nune
1394 3071 1718 3154 supinum
1761 3070 2043 3134 dicimus
2052 3096 2077 3149 ,-

481 3183 540 3248 P
561 3184 689 3248 303
738 3185 1044 3256 taetrare;

483 3289 696 3354 A271
749 3285 1072 3350 vallebant
1112 3311 1200 3341 =
1244 3282 1572 3366 peribant,
1630 3303 1828 3364 quam
1876 3281 2173 3348 codicum
2218 3280 2568 3346 lectionem
2614 3280 2991 3349 confirmari

177 3397 182 3402 ’
268 3395 464 3464 Pauli
512 3395 834 3476 excerptis
870 3389 1170 3456 Ribbeck
1207 3389 1387 3467 vidit,
1431 3387 1546 3454 ubi
1584 3388 1746 3452 haec
1784 3387 2008 3471 glossa
2044 3394 2259 3452 exstat
2296 3390 2452 3472 (377
2484 3388 2596 3467 Μ.,
2638 3390 2765 3454 577
2806 3387 2984 3473 Th.):
3018 3457 3025 3464 ,

267 3504 520 3570 vallesii
552 3500 844 3587 perierit,
890 3499 1136 3562 dietum
1181 3519 1224 3560 a
1269 3498 1438 3561 vallo
1481 3495 1781 3576 militari,
1830 3496 2002 3579 quod
2041 3496 2128 3578 fit
2169 3497 2341 3560 eirea
2376 3501 2607 3577 castra,
2655 3497 2828 3579 quod
2868 3497 2990 3580 qui

267 3634 336 3678 eo
399 3611 746 3690 eiciuntur,
801 3627 929 3691 pro
983 3605 1264 3689 perditas
1315 3603 1654 3668 habentur.
1743 3600 2135 3667 Buecheleri
2192 3601 2567 3666 coniectura
2630 3603 2990 3667 excellebant

267 3718 597 3784 levissima
663 3713 928 3797 quidem
991 3717 1107 3788 est,
1175 3709 1293 3774 sed
1355 3708 1599 3773 locutio
1655 3730 1869 3794 pecua
1928 3710 2195 3774 avellere
2256 3708 2435 3791 ayo-129
2500 3706 2803 3789 displicet
2860 3729 2985 3773 nec

267 3822 563 3907 exemplo
612 3818 1089 3902 comprobatur.

478 3929 548 3994 A
571 3931 656 3994 66
701 3949 942 3992 tranare
988 3927 1270 4008 (vanans
1317 3951 1403 3980 =
1450 3919 1738 4005 fallens).

478 4037 786 4117 Denique
825 4033 1222 4097 mentionem
1259 4029 1499 4095 faciam
1535 4028 1881 4112 compositi
1908 4028 2238 4093 disci-scere
2267 4025 2361 4108 (A
2383 4027 2561 4109 626),
2617 4027 2796 4112 quod
2826 4024 2983 4092 Sittl

268 4144 404 4234 (1.1.
441 4165 504 4227 p.
535 4145 694 4226 471)
740 4140 951 4206 Accio
985 4136 1368 4203 vindicabat
1412 4137 1658 4217 (Multa
1694 4136 2077 4219 eroyitantas
2112 4135 2374 4200 sei-scere
2419 4132 2717 4212 Mercer.,
2756 4132 2979 4215 Ribb.;

267 4253 442 4320 libri:
490 4251 830 4334 eryz‘tantes
875 4247 1184 4327 isezlseere,
1229 4243 1632 4308 Harleianus
1683 4264 1762 4307 m.
1779 4242 1805 4280 ²
1850 4263 1901 4306 e.
1950 4243 2325 4324 dis-eiecere).
2412 4239 2496 4304 Id
2543 4240 2733 4305 metri
2780 4261 2982 4308 causa

268 4383 397 4426 non
444 4357 682 4442 probo;
749 4375 903 4420 nam
947 4355 1082 4418 ictu
1129 4351 1413 4416 mediam
1459 4349 1778 4435 syllabam
1838 4348 2200 4434 dactylicae
2255 4348 2433 4412 vocis
2489 4345 2593 4411 vel
2648 4346 2981 4414 clausulae

271 4467 540 4534 feriente
587 4459 974 4550 (di-sciscere)
1021 4459 1320 4524 senarius
1368 4464 1638 4541 excepto
1686 4456 1899 4540 primo
1946 4455 2115 4538 pede
2162 4455 2431 4520 vitiosus
2478 4452 2569 4520 fit.

480 4571 892 4652 Subiungam
925 4589 1101 4632 nunc
1141 4572 1562 4648 conspectum
1600 4584 1829 4629 eorum
1856 4561 2221 4642 verborum,
2262 4581 2430 4646 quae
2468 4560 2575 4626 vel
2609 4562 2681 4624 in
2720 4561 2980 4642 prisca

270 4680 628 4747 Latinitate
683 4675 828 4742 sola
885 4673 984 4738 vel
1039 4673 1336 4758 inprimis
1393 4671 1572 4754 apud
1635 4671 2008 4752 scriptoreS,
2067 4670 2179 4753 qui
2234 4668 2397 4732 anti
2413 4688 2639 4752 quum
2694 4666 2979 4732 colorem

272 4787 620 4866 adfectant,
667 4784 1003 4866 leguntur:

2768 4895 2871 4951 10*
