3567 5109
1486 374 1918 437 -37-

333 564 406 625 id
453 564 648 643 quod
689 582 906 646 supra
946 565 1272 642 vidimus,
1316 570 1584 629 mutata
1628 567 1975 629 sermonis
2022 568 2431 631 condicione
2462 570 2767 651 syllabae
2799 570 3045 634 breves

332 668 545 747 longe
600 669 842 749 plures
890 686 1100 749 quam
1163 669 1392 751 poetis
1438 670 1903 750 pristinorum
1948 678 2363 752 temporum·
2406 680 2693 754 praesto
2730 676 3046 743 fuerunt.

331 773 506 836 Nam
557 773 856 836 dubium·
893 792 1031 840 non
1083 779 1208 853 est,
1273 774 1444 854 quin
1488 774 1868 838 multitudo
1916 776 2288 856 longarum
2353 778 2801 860 syllabarum,
2866 800 3044 862 quae

331 878 691 941 invenitur
735 880 807 941 in
854 883 1182 943 sermone
1213 880 1486 957 Latin0,
1534 880 1899 944 duriorem
1944 881 2345 946 reddiderit·
2370 901 2651 948 versum
2683 886 3042 951 heroicum

333 983 520 1061 apud
595 983 954 1046 Romanos
1031 1001 1238 1064 quam
1315 983 1500 1064 apud
1577 985 1886 1049 Graecos
1968 984 2075 1066 (of.
2124 986 2433 1050 Mueller.
2480 1008 2548 1069 p.
2626 995 2745 1051 151
2816 996 2886 1053 et
2948 992 3044 1057 La

333 1086 582 1150 Rochii
629 1088 886 1169 disput.
935 1107 996 1168 p.
1048 1089 1223 1168 126).

539 1192 804 1255 Deinde
851 1194 922 1255 in
977 1192 1350 1256 efficienda
1395 1210 1847 1257 numerorum
1896 1195 2363 1260 concinnitate
2409 1202 2479 1261 et
2520 1197 2857 1263 varietate
2902 1218 3040 1264 ma-

331 1315 540 1375 gnam
604 1316 890 1379 operam
973 1299 1410 1379 consumpsit
1474 1298 1830 1376 Paulinus,
1913 1317 2051 1379 qua
2114 1300 2187 1362 in
2268 1319 2346 1364 re
2419 1307 2703 1389 praeter·
2770 1310 3042 1369 ceteros

329 1400 645 1491 imitatus
691 1407 797 1465 est
845 1403 1316 1503 Vergiliugn1).
2630 1410 2639 1417 ’

538 1507 783 1587 Itaque
817 1506 1004 1587 apud
1034 1524 1194 1569 eum
1226 1525 1367 1570 non
1399 1506 1641 1570 inveni
1673 1508 2139 1589 hexametros,
2175 1512 2295 1590 qui
2328 1510 2639 1591 quinque
2672 1513 2819 1575 dac
2840 1513 3041 1592 tylis

331 1616 674 1692 constant,
700 1612 834 1675 nisi
857 1611 1300 1694 dactylorum
1324 1610 1499 1675 ordo
1524 1612 1898 1676 continuus
1931 1614 2319 1677 sententiae
2353 1615 2613 1695 optime
2643 1617 3042 1697 respondet.

330 1716 533 1779 Certe
595 1734 738 1779 non
805 1718 952 1779 sine
1017 1734 1187 1779 cura
1235 1722 1303 1779 et
1359 1720 1512 1779 arte
1574 1718 1847 1798 primus
1894 1720 2191 1797 quisque
2234 1736 2484 1782 versus
2548 1738 2602 1783 c.
2665 1719 2804 1799 XV,
2868 1720 3040 1798 XVI,

337 1822 567 1885 XVIII
610 1823 709 1885 ita
755 1820 1238 1885 conformatus
1287 1826 1426 1884 est·

543 1942 662 2007 XV,
704 1947 761 1995 1:
801 1944 1010 1995 Annua
1045 1948 1180 1993 vota
1219 1942 1358 1993 mihi
1393 1947 1651 2015 remeant
1687 1944 1860 1995 simul
1898 1956 2091 1994 annua
2128 1944 2382 2008 linguae,

541 2031 689 2094 XVI,
732 2036 755 2081 1
781 2045 832 2085 s:
871 2032 1154 2095 Tempora
1189 2032 1549 2095 temporibus
1585 2033 1846 2097 subeunt,
1886 2031 2009 2082 abit
2046 2035 2103 2082 et
2139 2032 2297 2083 venIt
2335 2036 2504 2095 aetas,

546 2119 759 2186 XVIII,
800 2123 855 2171 1:
894 2119 1009 2170 Lex
1047 2118 1190 2169 mihi
1227 2118 1355 2169 iure
1392 2118 1490 2181 pio
1528 2118 1714 2182 posita
1751 2119 1907 2169 hunc
1948 2118 2239 2169 celebrare
2276 2120 2597 2183 quotannis,

323 2243 497 2305 Tum
545 2260 748 2321 quam
799 2248 958 2323 apte
1006 2242 1436 2323 exprimitur
1484 2248 1734 2322 stupor
1783 2260 1978 2317 anus,
2029 2260 2205 2321 quae
2252 2247 2534 2323 praeter
2596 2262 2791 2325 spem
2838 2245 3040 2308 redu·

338 2364 489 2410 cem
533 2344 836 2409 Felicem
883 2344 1152 2427 recipit,
1197 2348 1305 2409 his
1353 2346 1623 2409 verbis:
2488 2338 2492 2343 ’
2598 2336 2607 2341 ’

544 2466 662 2531 XV,
700 2468 827 2517 844:
866 2480 1004 2518 voce
1041 2468 1343 2530 graduque
1379 2472 1627 2519 tremens
1663 2467 1953 2531 quatiente
1990 2468 2194 2518 timore
2229 2471 2529 2518 senectam.

331 2588 673 2653 Similiter
736 2590 1172 2671 perturbatio
1239 2596 1309 2654 et
1370 2589 1724 2655 festinatio
1791 2602 2056 2663 eorum,
2122 2591 2246 2671 qui
2307 2589 2608 2655 Felicem
2673 2610 3041 2673 perseque-

329 2694 611 2770 bantur,
660 2696 768 2759 his
811 2694 1132 2760 versibus
1181 2696 1638 2759 describitur:

749 2818 896 2880 XVI,
935 2820 1000 2869 65
1037 2830 1160 2881 sqq.
1200 2855 1212 2869 .
1253 2856 1268 2871 .
1305 2854 1320 2868 .
1360 2822 1558 2869 notum
1599 2816 1888 2880 (Felicem)
1927 2830 2041 2890 non
2082 2830 2367 2881 agnovere
2402 2817 2651 2868 iurantes

1041 2902 1406 2968 Felicemque
1443 2908 1663 2968 rogant.
1701 2904 1861 2955 Felix
1896 2904 1997 2954 ubi
2035 2905 2297 2969 cernitur,
2336 2908 2392 2954 et
2425 2916 2541 2970 non

1043 2993 1296 3042 cernitur
1307 3008 1320 3049 ;
1379 2992 1500 3055 ipse
1536 3004 1639 3041 nec
1675 2991 1800 3054 ipse
1835 2990 1930 3041 vir
1966 2995 2074 3052 est3
2130 3003 2257 3042 cum
2294 2992 2367 3041 sit
2401 3004 2599 3055 prope,
2636 2990 2805 3055 longe
2842 2994 2938 3043 est.

330 3110 705 3175 Praeterea
753 3114 1044 3193 pulchre
1110 3114 1221 3176 dei
1284 3112 1814 3177 immutabilitas
1880 3131 1965 3176 ex
2030 3130 2483 3180 numerorum
2530 3118 2599 3175 et
2658 3114 3037 3177 verborum

329 3216 819 3296 aequabilitate
867 3219 1094 3282 elucet
1138 3218 1210 3281 in
1257 3217 1368 3281 his
1411 3218 1734 3281 versibus
1779 3218 1957 3295 XVI,
2004 3224 2129 3291 389
2178 3236 2296 3289 st,

987 3344 1094 3395 Ille
1131 3343 1271 3395 deus
1308 3344 1563 3393 Danielis
1599 3347 1656 3395 et
1691 3344 1790 3394 ille
1826 3342 2002 3393 trium
2041 3354 2349 3405 puerorum

985 3431 1193 3482 Felicis
1230 3431 1370 3483 deus
1403 3432 1525 3495 ipse
1563 3431 1700 3482 deus
1738 3444 1841 3481 nec
1876 3442 1935 3479 se
1974 3431 2164 3480 minor
2200 3430 2337 3493 ipse.

324 3552 596 3624 Quibus
647 3552 972 3616 addimus
1017 3570 1299 3615 versum
1344 3553 1657 3629 XXVIH,
1705 3555 1870 3613 218:

749 3674 1003 3737 Suntque
1037 3674 1211 3725 simu}
1247 3678 1441 3724 vetera
1477 3678 1532 3723 et
1566 3685 1720 3723 nova
1756 3685 1863 3723 nec
1899 3684 2052 3723 nova
2087 3684 2191 3723 nec
2228 3676 2421 3722 vetera
2460 3683 2654 3734 aeque.

536 3797 763 3861 Simili
811 3796 1024 3859 modo
1070 3796 1852 3878 Paulinus-spondeis
1903 3812 2072 3858 usus
2118 3800 2243 3873 est,
2306 3800 2384 3856 ut
2436 3794 2745 3874 gravitas
2801 3810 3037 3856 nume-

326 3922 567 3967 rorum
615 3920 770 3966 cum
817 3903 1171 3982 gravitate
1218 3902 1562 3966 sermonis
1609 3900 2029 3964 concineret.
2662 3922 2667 3927 ·

533 4006 724 4080 Quae
769 4009 1015 4087 poetae
1059 4006 1248 4069 ratio
1293 4007 1497 4070 facile
1545 4009 1877 4087 cognosci
1920 4010 2156 4085 potest
2203 4022 2288 4067 ex
2337 4003 2643 4067 carmine
2675 4003 2786 4065 VI.
2821 4001 3034 4065 Cuius

322 4112 656 4175 carminis
721 4112 1012 4190 numeri,
1079 4112 1138 4173 si
1205 4112 1628 4175 conferimus
1692 4128 1849 4173 cum
1913 4110 2223 4173 carmine
2289 4108 2617 4182 XXVIH„
2683 4106 2871 4187 quod
2919 4105 3033 4168 vel

323 4218 608 4280 maioris
656 4223 763 4280 est
809 4216 1290 4296 amplitudinis
1324 4216 1527 4295 (illud
1577 4222 1720 4287 330,
1769 4215 1902 4277 hoc
1951 4220 2073 4274 468
2121 4230 2453 4276 versuum
2502 4212 2657 4291 est),
2705 4208 3034 4291 spondeis

324 4321 548 4385 auctis
611 4356 696 4365 —
759 4322 831 4384 in
898 4340 952 4383 c.
1019 4321 1130 4384 VI.
1202 4322 1274 4382 in
1353 4327 1684 4400 quattuor
1758 4318 2113 4398 prioribus
2190 4315 2489 4397 pedibus
2547 4314 3031 4378 inveniuntur:

324 4424 810 4503 DCCXLVIII,
873 4426 944 4487 in
1010 4443 1062 4489 c.
1109 4424 1433 4487 XXVIII:
1500 4424 1714 4486 DLXI
1761 4458 1845 4467 --
1892 4422 2109 4485 multo
2176 4420 2537 4501 graviores
2602 4424 2764 4481 sunt
2828 4436 3034 4497 quam

323 4532 651 4593 carminis
696 4529 1005 4592 XXVIII.
1051 4526 1254 4601 Quod
1303 4530 1463 4592 ideo
1510 4529 1773 4591 factum
1824 4545 1975 4590 esse
2023 4527 2190 4591 mihi
2235 4525 2535 4595 videtur,
2584 4523 2773 4602 quod
2803 4522 2878 4584 in
2911 4522 3031 4584 illo

534 4756 574 4817 1)
613 4750 1514 4818 01.R.uaxa‚‘1,autmalerei
1569 4752 1689 4804 und
1727 4752 2045 4815 Rhythmus
2090 4751 2151 4801 in
2201 4750 2426 4814 Vergils
2462 4742 2700 4813 Aeneis,³
2754 4748 2814 4797 in
2872 4743 3030 4797 Stud.

325 4844 487 4895 vind.
526 4842 680 4907 XIX,
713 4844 798 4893 78.
