3567 5109
1456 327 1941 389 —103—

334 543 406 599 ut
453 540 593 600 eius
641 536 855 601 verbis
892 539 1216 614 utamur¹‚
1258 538 1430 600 sieut
1457 539 1766 622 Aeyyptii
1805 561 1937 602 non
1975 541 2189 604 solu-m
2226 541 2399 604 idola
2434 541 2750 604 habebant
2776 547 2837 604 et
2861 562 3061 605 one-ra

327 644 575 725 qravia,
623 665 786 728 quae
821 646 1112 728 populns
1151 645 1364 708 Israel
1405 645 1827 709 detestaretur
1870 651 1932 709 et
1973 646 2243 730 fuyeret,
2289 648 2400 709 secl
2442 647 2639 710 etiam
2682 669 2832 710 casa
2867 653 3061 730 atque

333 757 718 814 ornamenta
796 753 871 814 de
940 773 1108 815 auro
1187 757 1251 815 et
1317 757 1581 834 arqento
1645 758 1708 815 et
1772 758 2020 834 ves-tem,
2086 774 2251 837 quae
2316 753 2425 817 ille
2482 755 2773 836 populus
2837 755 3055 818 extans

331 857 408 918 cle
453 858 738 941 Aeqypto
783 859 914 921 sibi
947 859 1176 942 potius
1223 864 1560 941 tam-quam
1603 860 1691 922 ad
1731 880 1860 922 usu
1869 881 1934 922 m
1978 862 2309 924 meliorem
2346 862 2637 924 clanculo
2688 861 3057 941 vindieat-it,

332 983 466 1026 non
502 965 883 1028 auctoritate
911 966 1208 1049 propria,
1255 967 1366 1028 secl
1391 972 1732 1050 praecepto
1771 967 1901 1030 Dei
1930 1017 2143 1032 .....
2162 1019 2179 1049 ,
2217 969 2330 1031 sie
2365 968 2764 1031 doctrinae
2800 989 2910 1031 om
2926 989 2973 1030 n
2985 989 3058 1030 es

326 1071 746 1150 'qentilium
789 1092 946 1135 non
989 1073 1238 1136 solu-m
1275 1073 1656 1136 simulata
1694 1079 1756 1136 el
1791 1075 2351 1157 superstitiosa
2395 1073 2771 1157 fiymenta
2798 1125 3023 1138 ......
3040 1125 3057 1154 ‚

330 1198 494 1259 quae
532 1179 984 1262 unusquisque
1019 1185 1320 1242 nost-rum
1352 1227 1365 1240 .
1402 1227 1416 1242 .
1449 1227 1463 1242 .
1493 1181 1672 1244 debet
1694 1181 2069 1244 abominari
2102 1187 2293 1264 atque
2329 1181 2629 1262 dez-itare,
2666 1182 2793 1245 secl
2828 1181 3059 1244 etiam

335 1284 698 1348 liberales
735 1285 1209 1370 disciplinas
1245 1287 1434 1349 usui
1467 1287 1833 1351 veritalis
1868 1288 2213 1370 aptiores
2250 1293 2320 1350 et
2352 1289 2725 1370 quaedam
2759 1309 3059 1352 morum

321 1398 739 1475 praecepta
765 1394 1206 1456 utilissima
1242 1394 1678 1457 continent.
1700 1442 1714 1456 .
1736 1441 1749 1456 .
1772 1442 1787 1456 .
1825 1393 2061 1458 Nonne
2088 1393 2517 1478 aspici-mus
2546 1400 2838 1477 quanto
2865 1415 3057 1458 auro

330 1504 398 1561 et
441 1506 759 1583 arqento
796 1507 864 1564 el
899 1507 1102 1564 veste
1138 1500 1732 1583 suffarcinatus
1777 1501 2063 1565 exierit
2096 1503 2181 1565 de
2210 1502 2552 1584 Aeyypto
2590 1500 3055 1585 Cyprianus,

327 1607 586 1670 doctor
629 1607 1153 1672 suavissimus
1198 1614 1268 1671 el
1301 1614 1606 1690 martyr
1653 1608 2199 1673 beatissimus?
2239 1614 2528 1692 quanto
2566 1609 3055 1691 Lactantius,

330 1719 617 1795 quanto
671 1714 1139 1796 V¹iotorinuS‚
1189 1715 1537 1798 Optatus,
1576 1716 1995 1779 Hilarius?
2037 1722 2123 1779 ul
2156 1717 2239 1780 de
2276 1715 2482 1778 vii-is
2521 1721 2781 1796 taceam,
2811 1721 3055 1799 quanto

329 1821 840 1884 innumerabiles
895 1821 1166 1885 Graeci?

544 1926 753 1991 Porro
819 1931 992 1992 sicut
1037 1926 1269 1992 Cicero
1335 1926 1521 1991 nulla
1579 1927 1718 1992 alia
1771 1935 1911 1992 arte
1961 1935 2289 1992 oratorem
2342 1935 2689 2011 tantopere
2738 1928 3057 2006 adiuvari,

333 2039 736 2114 quantopere
803 2033 1226 2116 philosophia
1286 2033 1597 2113 fateturss,
1665 2038 1759 2098 ita
1825 2038 2025 2098 etiam
2094 2033 2509 2115 Augustinus
2584 2034 3053 2118 philosophiae

334 2139 622 2204 studium
666 2139 858 2204 valde
906 2161 1048 2204 esse
1097 2145 1346 2204 oratori
1389 2141 1550 2204 utile
1599 2161 1987 2224 persuasum
2033 2140 2293 2206 habetss.

545 2245 680 2310 Sed
727 2251 1036 2329 quoniam
1085 2247 1166 2310 de
1215 2245 1552 2312 Ciceronis
1599 2255 1666 2312 et
1711 2247 2071 2329 Augustini
2124 2247 2584 2331 philosophiae
2641 2268 2863 2313 amore
2922 2249 3051 2311 dis-

326 2357 724 2436 putavimuS,
753 2353 976 2418 facere
1005 2375 1138 2418 non
1167 2374 1534 2436 possumus,
1566 2359 1723 2437 quin
1761 2359 2254 2419 inimicitiarum
2283 2359 2682 2419 mentionem
2709 2354 3051 2432 faciamus„

329 2481 497 2542 quae
545 2464 679 2524 iam
725 2461 880 2525 inde
926 2482 968 2524 a
995 2459 1298 2525 Platonis
1334 2461 1741 2545 temporibus
1779 2466 1951 2526 inter
1989 2459 2419 2544 philosophos
2449 2468 2515 2527 et
2542 2468 2837 2526 oratores
2867 2483 3053 2526 exar—

327 2576 566 2632 serant.

540 2675 644 2739 De
682 2674 1228 2759 philosophorum
1265 2678 1438 2738 enim
1477 2675 1630 2738 odio
1671 2679 1738 2739 in
1776 2682 2073 2740 oratores
2122 2696 2268 2739 cum
2298 2678 2366 2739 in
2394 2675 2695 2759 plurimis
2724 2678 3055 2739 variorum

327 2786 720 2863 scriptorum
764 2781 971 2861 libris,
1018 2789 1158 2846 tum
1207 2803 1248 2845 a
1295 2781 1614 2847 Cicerone
1662 2786 1730 2845 in
1779 2781 1963 2847 libris
2010 2782 2145 2845 illis
2184 2781 2288 2846 De
2338 2789 2599 2846 oratore
2647 2780 2857 2845 multa
2896 2802 3051 2845 nar-

327 2895 575 2952 rant-ur.
655 2887 860 2954 Velut
912 2889 982 2952 in
1027 2888 1064 2953 I
1112 2890 1226 2954 46:
1295 2889 1501 2952 Multi
1554 2895 1744 2952 erant
1795 2891 1961 2952 clari
2016 2890 2089 2952 in
2135 2889 2553 2972 philosophia
2600 2894 2660 2951 et
2702 2889 2964 2968 nobiles,
3010 2909 3055 2950 a

326 2995 566 3077 quibus
629 2997 932 3060 omnibus
994 3018 1134 3060 nna
1189 3017 1398 3080 paene
1455 3017 1595 3059 voce
1649 2997 1874 3079 repelli
1926 3002 2247 3060 oratorem
2299 3017 2342 3059 a
2380 2995 2840 3078 ynbernaeulis
2885 2995 3047 3058 eici-

329 3107 558 3183 tatum,
605 3103 859 3166 excludi
901 3103 982 3166 ab
1027 3103 1212 3167 omni
1253 3102 1550 3166 doctrina
1591 3123 1941 3185 ‘reru-mque
1977 3103 2307 3166 maiorum
2354 3101 2627 3164 seientia
2670 3123 2746 3166 ae
2793 3107 3051 3165 tantum

324 3210 400 3271 in
463 3209 712 3272 iudicia
775 3214 836 3272 et
895 3209 1348 3272 contiunculas
1414 3214 1748 3292 tamquam.
1814 3209 1891 3272 in
1944 3210 2210 3292 aliquod
2254 3209 2628 3292 pistrinum
2680 3209 2939 3271 detrudi
2993 3213 3055 3272 et

323 3315 656 3398 eompinqi
697 3315 1007 3380 ridebam.
1073 3313 1256 3398 Quas
1305 3313 1848 3398 philosophorum
1895 3322 1962 3380 et
2008 3322 2343 3379 oratorum
2391 3315 2769 3378 inimicitias
2816 3313 3049 3380 Cicero

325 3442 403 3485 eo
452 3424 714 3504 aegrius
761 3420 931 3500 tulit,
994 3421 1172 3504 quod
1226 3422 1366 3504 ipse
1415 3428 1482 3486 et
1527 3421 1961 3505 philosophus
2020 3429 2087 3486 et
2134 3427 2356 3488 orator
2402 3427 2471 3487 et
2515 3420 2745 3485 haberi
2794 3428 2860 3485 et
2906 3442 3050 3486 esse

324 3549 583 3611 semper
609 3527 832 3593 voluit.
877 3527 1115 3610 Itaque
1155 3549 1288 3592 non
1329 3527 1727 3606 dubitamus,
1765 3532 1925 3612 quin
1962 3531 2249 3593 maximo
2285 3526 2663 3610 flagraverit
2698 3528 3048 3607 desideriO,

321 3643 398 3699 ut
464 3635 594 3698 duo
661 3634 827 3699 haec
891 3635 1230 3700 hominum
1295 3635 1748 3698 inimicissima
1812 3656 2058 3717 genera
2113 3636 2183 3700 in
2237 3638 2522 3717 gratiam
2568 3634 3047 3700 reconciliaret.

319 3741 556 3825 Neque
615 3743 788 3805 enim
833 3745 1084 3824 primus
1129 3741 1255 3806 hoc
1302 3740 1648 3806 consilium
1710 3743 1901 3823 cepit.
1994 3741 2171 3806 Nam
2218 3741 2440 3807 multis
2486 3745 2617 3806 iam
2655 3746 2847 3806 annis
2894 3748 3047 3806 ante

323 3849 662 3914 Ciceronis
710 3855 995 3914 aetatem
1044 3847 1443 3913 Aristoteles
1491 3847 1940 3931 eloquentiam
1988 3871 2029 3914 a
2075 3848 2377 3913 Platonis
2426 3847 2770 3912 calumniis
2820 3847 3046 3912 defen-

324 3955 569 4019 derat4.
655 3953 879 4038 Atque
928 3955 1268 4020 Ciceronis
1336 3961 1556 4019 aetate
1624 3959 1764 4038 ipse
1823 3956 1962 4019 eius
2020 3959 2335 4038 magister
2381 3952 2763 4019 Aristotelis
2809 3955 3050 4038 pressit

321 4066 616 4146 vestigia,
660 4061 856 4126 Philo
905 4060 1040 4141 ille,
1095 4064 1280 4125 cuius
1327 4063 1692 4126 sententias
1739 4084 1778 4126 a
1820 4061 2141 4126 Cicerone
2189 4066 2257 4126 in
2294 4059 2610 4125 Latinum
2654 4083 2878 4127 versas
2927 4082 3048 4125 nos

318 4168 617 4245 laudare,
681 4189 830 4231 cum
892 4167 1100 4233 libros
1154 4167 1306 4233 illos
1351 4167 1458 4232 De
1517 4176 1777 4233 oratore
1838 4168 2261 4246 admiramur,
2324 4167 2613 4232 Ioannes
2670 4167 2751 4231 de
2810 4167 3047 4232 Arnim

319 4279 626 4358 exposuit
639 4275 684 4338 ⁵.

537 4469 556 4504 ²
593 4471 676 4524 De
715 4471 893 4524 doctr.
933 4471 1063 4524 Chr.
1094 4470 1157 4524 II
1194 4470 1282 4536 40,
1319 4470 1404 4524 60.

535 4559 558 4594 ²
595 4559 678 4613 De
717 4578 795 4614 or.
827 4559 886 4614 11
922 4562 990 4614 67
1031 4561 1101 4614 al.

535 4648 556 4682 ³
594 4650 676 4703 De
715 4649 896 4702 doctr.
935 4650 1064 4703 Chr.
1094 4649 1160 4702 II
1198 4648 1286 4716 40,
1324 4647 1410 4702 60.

533 4739 554 4772 ⁴
593 4738 958 4792 Conferamus
997 4740 1146 4792 enim
1184 4737 1510 4790 Aristotelis
1547 4737 1717 4791 Rhet.
1757 4736 1788 4790 Ι
1826 4737 1965 4794 1355
1988 4753 2035 4802 a,
2075 4737 2129 4790 b.

535 4828 556 4862 ⁵
591 4827 662 4880 In
690 4828 854 4896 libro,
883 4829 978 4896 qui
1007 4826 1334 4880 inscribitur
1372 4825 1591 4878 ‘Leben
1621 4826 1736 4879 und
1758 4825 1962 4878 'Werke
1993 4825 2090 4878 des
2122 4825 2229 4880 Dio
2258 4841 2369 4878 von
2395 4823 2573 4878 Prusa
2600 4825 2704 4876 mit
2734 4825 2883 4878 einer
2912 4822 3045 4874 Ein-
