3567 5109
1747 324 2175 389 -16-

816 521 966 582 Iam
1015 519 1360 581 neminem
1425 518 1608 598 fugit
1671 518 1917 599 legem,
1984 534 2119 596 qua
2164 517 2481 580 vocalem
2540 522 2700 579 ante
2748 516 3053 579 vocalem
3100 514 3323 579 corri-

613 623 942 706 piendam
1008 640 1160 687 esse
1225 622 1680 702 praecipitur,
1743 638 1834 684 ne
1879 639 1918 683 a
1974 619 2199 699 poetis
2265 620 2549 699 quidem
2613 620 3086 700 posteriorum
3152 628 3323 683 tem-

613 746 884 809 porum,
960 730 1082 809 qui
1157 745 1451 807 magnas
1513 726 1833 789 licentias
1896 726 2228 789 metricas
2304 726 2443 788 sibi
2518 727 3000 807 permiserant,
3074 726 3325 805 sperni

615 835 948 914 potuisse,
1015 834 1430 913 praesertim
1495 820 1660 901 cumss
1698 832 1771 893 in
1838 831 2100 894 ‘nativa
2167 830 2461 911 quadam
2526 831 2795 911 patriae
2858 831 3141 910 linguae
3206 847 3323 891 eu-

613 938 922 1020 rythmia
948 942 1016 1001 et
1039 937 1406 1018 euphonia’
1429 936 1541 1015 (cf.
1562 935 1889 1009 Mueller„
1924 954 1987 1015 p.
2011 935 2164 1015 279)
2197 934 2491 999 fundata
2524 941 2722 999 esset.
2757 935 3323 999 Fluctuatiouem

615 1062 786 1106 vero
853 1042 1200 1123 quandam
1267 1047 1336 1104 et
1391 1042 1934 1104 inconstantiam
2000 1041 2203 1103 huius
2268 1058 2435 1103 usus
2490 1058 2647 1103 cum
2695 1041 3129 1121 optimorum
3170 1044 3324 1103 tum

621 1148 1099 1228 posteriorum
1147 1147 1515 1227 poetarum
1565 1152 1793 1209 aetate
1837 1146 2156 1209 invenire
2198 1163 2590 1226 possumus.

822 1252 921 1315 Ac
969 1252 1273 1330 primum
1320 1251 1618 1330 quidem,
1685 1268 2110 1330 quamquam
2158 1249 2423 1315 Graeca
2490 1250 2776 1314 nomina
2840 1250 3055 1313 eximi
3100 1266 3325 1329 eaque

618 1357 1031 1438 productam
1099 1356 1407 1417 retinere
1471 1355 1783 1418 vocalem
1846 1360 2093 1417 natura
2158 1354 2443 1435 longam
2510 1361 2672 1419 ante
2716 1355 3031 1419 vocalem
3076 1353 3323 1435 optimi

617 1462 870 1543 poetae
916 1457 1150 1522 Latini
1196 1459 1571 1521 voluerunt
1619 1458 1731 1537 (cf.
1777 1457 2105 1537 Mueller„
2152 1477 2215 1538 p.
2262 1460 2438 1542 285),
2484 1466 2719 1523 tamen
2766 1459 3101 1523 Paulinus
3146 1460 3328 1521 hanc

617 1567 801 1629 viam
875 1582 1018 1627 non
1092 1564 1191 1625 ita
1257 1564 1501 1637 tenuit,
1581 1568 1658 1625 ut
1734 1581 1876 1625 non
1952 1581 2108 1626 cum
2173 1566 2245 1626 in
2310 1564 2601 1628 vocibus
2666 1564 2953 1627 Graecis
3026 1569 3177 1626 tum
3254 1564 3327 1625 in

617 1668 983 1735 Hebraicis
1033 1668 1343 1730 vocalem
1391 1669 1675 1747 longam
1725 1674 1889 1731 ante
1936 1668 2249 1731 vocalem
2298 1687 2507 1749 saepe
2570 1670 2981 1749 corriperet.
3068 1667 3330 1731 Scribit

618 1777 930 1855 quidem:
981 1780 1095 1832 ἄεν
1125 1772 1417 1853 (saepe)3
1464 1767 1703 1855 Aeqeos
1735 1772 1977 1851 (XVII,
2030 1774 2169 1851 19);
2218 1769 2485 1835 Arcwos
2534 1773 2776 1853 (XVII,
2829 1773 2969 1853 17)3
3018 1768 3328 1848 Ιαᾶιῖοαε,

615 1876 863 1941 Ιαᾱῶα
908 1877 1049 1956 (VI,
1106 1884 1256 1957 1633
1323 1877 1464 1952 XV,
1515 1885 1628 1953 913
1678 1876 1893 1951 XXII,
1944 1882 2056 1954 953
2113 1878 2351 1955 XXVI,
2400 1884 2479 1940 46
2528 1879 2673 1959 al.);
2718 1874 2979 1963 apelffca
3024 1876 3328 1957 (XXXII,

621 1986 771 2066 113)
787 2006 804 2061 3
853 1982 1090 2047 aulffea
1137 1984 1411 2065 (XVIII,
1459 1985 1566 2064 45)
1583 2005 1599 2061 3
1657 1981 1968 2066 Riphaeis
2014 1983 2251 2063 (XVII,
2322 1985 2508 2064 101);
2574 1980 2709 2045 Εόο
2770 1984 2976 2066 (App.
3019 1984 3107 2062 ΙΙ,
3174 1985 3323 2063 76);

619 2086 920 2151 Hermiae
966 2090 1132 2169 (XV,
1181 2096 1283 2164 76,
1333 2096 1436 2164 79,
1489 2096 1566 2150 96
1618 2089 1729 2168 al.)
1746 2109 1762 2165 3
1814 2086 2114 2150 Andreas
2160 2088 2362 2165 (XIX,
2414 2094 2518 2163 78,
2568 2094 2690 2149 336
2727 2089 2870 2169 al.);
2921 2076 3329 2149 Almanam-{a

621 2194 828 2272 (XIX,
879 2196 1021 2275 84);
1071 2192 1296 2255 Ιιενῢιιε
1342 2195 1446 2275 (Χ,
1499 2202 1612 2271 16;
1670 2193 1847 2272 XVI,
1898 2200 2052 2269 1413
2120 2193 2299 2263 XXI,
2352 2194 2538 2272 204);
2606 2189 2767 2255 Sion
2814 2192 2959 2273 (IX,
3009 2200 3079 2269 33
3146 2193 3328 2266 XXI,

618 2306 721 2377 25,
770 2304 850 2361 27
867 2319 884 2377 ;
938 2301 1066 2380 aL).
1116 2300 1204 2363 At
1249 2300 1473 2380 ponit:
1521 2294 1802 2360 Ιόαηηεε
1849 2299 1987 2378 (VI,
2037 2304 2092 2375 7,
2142 2308 2221 2359 58
2270 2300 2387 2377 al.;
2437 2299 2521 2363 cf.
2568 2301 2619 2363 Ι.
2670 2300 3017 2377 Huemer„
3062 2316 3128 2378 p.
3178 2298 3326 2377 12)3

619 2400 812 2466 Εῑῖαε
859 2404 962 2483 (V,
1033 2409 1148 2481 423
1218 2400 1402 2464 Elias
1449 2402 1560 2481 VI,
1628 2409 1709 2467 74
1759 2404 1905 2484 al.);
1973 2400 2195 2482 lwetot,
2242 2400 2581 2465 Israelita-9
2643 2402 2881 2482 (XVII,
2951 2409 3092 2473 163
3168 2408 3327 2477 1663

621 2504 830 2569 Israel
891 2508 1028 2588 XV,
1099 2514 1254 2587 1033
1332 2508 1572 2583 XXVI,
1621 2515 1784 2588 2363
1865 2508 2137 2587 XXVII,
2202 2510 2391 2591 249);
2454 2505 2787 2569 Aba-(iham
2832 2507 3098 2587 (XXIV,
3164 2512 3325 2582 4913

623 2608 948 2673 Αόνᾶῆαπι
993 2612 1132 2689 XV,
1185 2620 1285 2689 61,
1354 2619 1468 2693 703
1519 2612 1755 2689 XXVI,
1806 2620 1965 2692 2363
2034 2614 2304 2695 XXVII,
2368 2616 2556 2693 249);
2629 2609 2895 2675 Gabrlfcl
2952 2612 3322 2693 (VI,108;

627 2706 886 2778 Gabriel
934 2718 1016 2781 cf.
1046 2718 1096 2783 Ι.
1131 2718 1468 2799 Huemer„
1499 2737 1564 2800 p.
1601 2719 1740 2799 12)3
1792 2694 2075 2779 Mau-{am
2108 2717 2246 2798 (VI,
2283 2724 2439 2797 110;
2498 2724 2648 2798 140;
2704 2724 2858 2799 149;
2908 2714 3113 2789 XXV,
3164 2720 3324 2792 1533

623 2809 912 2883 Marcam
945 2820 1030 2885 cf.
1077 2822 1417 2902 Huemer„
1464 2843 1530 2905 p.
1580 2824 1703 2903 12).
1753 2824 2013 2887 Contra
2059 2824 2132 2885 in
2178 2824 2413 2887 verbis
2461 2823 2768 2897 Graecis,
2818 2839 2999 2902 quae
3044 2820 3328 2883 civitate

623 2924 869 2989 Latina
914 2932 1197 3007 accepta
1245 2928 1510 2990 normis
1557 2928 1771 3006 patrii
1801 2928 2143 2991 sermonis
2178 2927 2402 2991 subici
2434 2928 2769 3004 solebant,
2818 2928 3014 2989 cuius
3046 2922 3328 3004 generis

623 3036 786 3093 sunt
829 3026 1044 3111 planeta
1091 3039 1160 3095 et
1205 3030 1448 3106 chorea,
1494 3032 1821 3113 producit
1867 3032 2211 3113 syllabam
2274 3033 2799 3113 paenultimam:
2863 3026 3081 3113 platea
3122 3028 3331 3110 (XVI,

625 3142 742 3213 733
787 3130 1039 3218 plateas
1085 3136 1260 3217 App.
1313 3135 1422 3209 IV,
1478 3138 1617 3215 10)3
1668 3132 1897 3197 chorea
1942 3136 2148 3216 (XXI,
2196 3144 2310 3214 833
2360 3136 2598 3211 XXVI,
2652 3137 2779 3216 64).

835 3238 1100 3304 Deinde
1178 3239 1470 3305 verbum
1552 3240 1869 3304 Latinum
1940 3239 2081 3327 ,fi'o’
2156 3242 2533 3305 secundum
2616 3259 2818 3304 usum
2901 3239 3329 3321 optimorum

623 3346 986 3425 poetarum
1049 3346 1317 3426 posuit3
1389 3364 1603 3425 quare
1659 3347 1986 3427 producit
2029 3342 2141 3425 ,fi’,
2188 3348 2308 3410 ubi
2352 3366 2494 3409 non
2541 3348 2859 3461 sequitur
2904 3344 3175 3427 syllaba
3224 3346 3329 3421 ,’er

625 3438 789 3533 (fiat
819 3449 999 3522 VIII,
1035 3454 1151 3528 203
1185 3450 1302 3525 IX,
1340 3456 1454 3526 333
1506 3450 1743 3524 XXXI,
1777 3455 1937 3529 2443
1970 3440 2106 3535 fiet
2149 3451 2324 3525 XVI,
2377 3459 2533 3529 1483
2584 3426 2998 3534 atfieriVL
3031 3455 3158 3513 298
3196 3448 3330 3528 al..)

625 3554 762 3619 Sed
811 3573 850 3618 a
889 3556 1142 3617 ceteris
1172 3555 1437 3619 recedit
1468 3556 1540 3617 in
1576 3574 1707 3618 usu
1736 3557 2132 3637 verborum,
2166 3574 2344 3637 quae
2376 3574 2534 3619 cum
2563 3558 3084 3636 praepositione
3128 3550 3330 3637 ,prae‘

625 3659 1014 3739 composita
1061 3666 1244 3723 sunt.
1291 3658 1480 3733 Quae
1529 3659 1829 3739 quidem,
1878 3679 2033 3723 cum
2068 3661 2327 3723 vocalis
2360 3664 2692 3741 sequitur,
2726 3678 3107 3740 numquam
3138 3657 3330 3739 apud

626 3764 926 3844 optimos
972 3766 1214 3843 poetas
1259 3764 1714 3827 inveniuntur
1754 3766 1893 3827 nisi
1928 3764 2365 3846 diphthongo
2400 3766 2947 3847 praepositionis
2978 3770 3329 3846 correpta,

627 3886 851 3948 neque
897 3869 1082 3948 apud
1129 3870 1421 3934 Statium
1485 3876 1670 3932 recte
1715 3871 1857 3949 legi
1904 3870 2144 3949 (Theb.
2192 3870 2301 3948 VI,
2352 3872 2539 3951 519):
2608 3892 2748 3932 cum
2791 3890 3034 3933 vacuus
3078 3866 3331 3932 domino

617 3970 910 4055 praeiret
953 3968 1180 4045 Arion,
1247 3974 1370 4036 sed
1434 3974 1714 4053 gravius
1778 3974 1995 4038 latere
2040 3975 2369 4038 mendum
2432 3981 2633 4055 putat
2677 3975 2970 4040 Mueller
3014 3976 3107 4057 (p.
3150 3976 3332 4058 286).

628 4076 832 4159 Apud
865 4076 1236 4140 Paulinum
1269 4096 1439 4141 vero
1479 4080 1903 4143 invenimus:
1952 4080 2189 4154 XXIV,
2239 4084 2361 4143 752
2409 4078 2595 4162 quasi
2636 4076 2981 4141 vinculatas
3010 4080 3333 4164 prdem-it,-

627 4181 866 4257 XXIV,
915 4186 1035 4245 871
1087 4178 1240 4243 dum
1285 4202 1349 4243 ee
1393 4190 1737 4265 sequuntur
1779 4188 1840 4245 et
1882 4183 2165 4245 vicissim
2205 4185 2530 4266 praeeunt.

833 4288 1005 4349 Tum
1071 4287 1146 4349 in
1208 4305 1530 4350 sermone
1577 4290 1821 4352 Latino
1882 4289 2018 4352 iam
2082 4289 2243 4356 inde
2290 4308 2327 4352 a
2378 4291 2623 4371 primis
2686 4290 3124 4371 temporibus
3170 4308 3331 4355 con-

627 4390 924 4455 suetudo
999 4391 1244 4471 viguit,
1315 4392 1698 4455 secundum
1776 4410 1985 4472 quam
2061 4395 2324 4457 vocalis
2398 4414 2429 4455 e
2520 4394 3029 4473 declinationis,
3120 4414 3331 4475 quam

628 4496 943 4576 quintam
1021 4496 1254 4560 dicere
1329 4496 1652 4573 solemus,
1725 4498 1799 4561 in
1874 4498 2198 4579 genetivo
2275 4507 2343 4562 et
2417 4499 2653 4563 dativo
2718 4501 3115 4581 corripitur,
3191 4501 3330 4565 nisi

627 4600 974 4663 antecedit
1039 4599 1081 4664 i.
1172 4602 1506 4666 Paulinus
1571 4621 1742 4666 vero
1792 4604 2001 4667 Ennii
2070 4604 2505 4684 aliorumque
2568 4610 2887 4669 veterum
2950 4606 3323 4687 poetarum

629 4722 831 4767 usum
879 4711 1156 4771 secutus
1200 4706 1275 4769 in
1305 4702 1476 4787 fidei
1519 4709 1963 4773 substantivo
2010 4729 2041 4768 e
2086 4708 2399 4773 vocalem
2446 4709 2772 4789 producit
2836 4708 2951 4790 (cf.
2996 4710 3143 4787 vn,
3211 4716 3329 4788 423

629 4808 767 4886 XV,
817 4814 915 4887 67,
985 4813 1122 4887 127,
1175 4814 1330 4891 129;
1398 4811 1570 4889 XVI,
1619 4819 1720 4886 45,
1773 4820 1927 4890 1253
1992 4814 2135 4891 XX,
2182 4819 2295 4891 243
2362 4812 2597 4890 XXVI,
2664 4817 2821 4891 2853
2889 4814 3129 4891 XXXI,
3202 4820 3321 4893 753
