3567 5109
1463 266 1907 328 ...91-

322 498 537 559 nequ-e
583 457 931 543 tritissima
976 476 1095 543 illa
1140 480 1305 543 artis
1362 476 1628 542 dicendi
1674 484 2030 561 praecepta
2076 483 2268 542 erant
2311 476 2676 559 repetenda
2694 478 2733 539 ¹.
2806 475 3046 541 Nonne

324 582 713 659 Ciceronem
758 604 1021 668 quoque
1070 582 1265 649 aliter
1300 588 1368 649 in
1405 582 1593 649 libris
1631 582 1784 663 11118,
1837 605 2002 667 quos
2049 583 2136 648 ad
2175 582 2494 667 Quintum
2531 583 2809 647 fratrem
2849 586 3044 661 misit,

324 689 517 755 aliter
571 694 640 755 in
694 691 1172 757 Partitionibus
1225 694 1533 756 oratoriis
1588 690 1793 775 (quod
1851 689 2239 774 opusculum
2295 696 2448 773 post
2491 688 2696 754 libros
2743 688 2893 754 illos
2923 689 3046 773 ⁵De

325 803 587 863 oratore
662 803 979 881 scriptum
1051 800 1179 881 est)
1254 819 1401 862 cum
1475 796 1617 877 filio,
1686 796 1918 863 Marco
1995 796 2076 862 de
2152 797 2383 862 eadem
2456 803 2597 862 arte
2675 795 3045 879 disputasse

322 902 608 969 scimus?

538 1009 672 1077 Sed
718 1011 993 1077 forsitan
1043 1011 1285 1077 dixerit
1332 1014 1658 1095 quispiam
1704 1010 2144 1094 fragmentum
2182 1009 2370 1089 illud,
2421 1008 2598 1093 quod
2637 1014 2705 1075 1-11
2744 1010 3048 1074 manibus

320 1118 658 1197 habemus,
704 1140 839 1185 non
886 1118 1203 1185 librorum
1249 1116 1513 1183 illorum
1550 1118 1818 1201 quidem
1853 1117 2380 1201 Disciplinarum
2419 1138 2560 1183 esse
2599 1122 2878 1200 partem,
2927 1115 3046 1181 sed

322 1222 681 1289 frustulum
726 1224 1065 1309 quoddam
1112 1228 1545 1291 institutionis
1594 1228 1942 1303 oratoriae,
1990 1224 2174 1307 quod
2218 1225 2634 1307 Augustinus
2682 1222 3043 1307 aliquando

322 1331 409 1396 ad
454 1352 695 1414 pueros
743 1339 885 1398 arte
932 1332 1199 1397 dicendi
1235 1330 1653 1397 instruendos
1693 1331 1997 1397 ediderit.
2046 1332 2259 1415 Atqui
2295 1333 2450 1397 huic
2487 1334 2784 1415 opinioni
2819 1330 2891 1394 id
2930 1329 3045 1395 ob·-

322 1444 474 1517 stat,
525 1438 705 1521 quod
750 1438 935 1505 nullo
966 1439 1543 1505 Retractationum
1587 1437 1756 1503 libro
1788 1439 2209 1522 Augustinus
2255 1438 2410 1503 talis
2457 1441 2686 1520 scripti
2733 1440 3044 1501 meminit.

322 1544 531 1611 Immo
570 1549 639 1610 in
680 1553 936 1628 quarto,
980 1566 1173 1629 quem
1209 1546 1317 1611 De
1354 1545 1661 1610 doctrina
1692 1544 2074 1611 Christiana
2113 1548 2379 1628 scripsit
2412 1543 2582 1610 libro
2598 1544 2642 1621 ²,
2676 1566 2752 1608 se
2788 1544 3046 1607 simile

320 1654 511 1735 quid
560 1674 906 1737 unquam
957 1677 990 1718 e
1046 1653 1412 1717 manibus
1476 1654 1783 1719 misisse
1839 1654 2150 1717 omnino
2205 1658 2450 1737 neyat.
2549 1648 2685 1715 Sed
2740 1655 3041 1732 potestne

324 1758 789 1841 fragmentum,
849 1759 1024 1843 quod
1090 1758 1209 1823 sub
1256 1762 1519 1824 nomine
1566 1758 1930 1842 Augustini
1975 1759 2207 1837 fertur,
2267 1757 2624 1823 frustulum
2669 1778 2819 1821 esse
2849 1777 3044 1835 ‚com-

323 1870 809 1946 mentat-iorum,
862 1864 1042 1950 quod
1088 1865 1451 1949 discipulus
1500 1866 1769 1948 quidam
1810 1870 1950 1932 eius
1985 1866 2076 1930 ad
2114 1866 2365 1931 dictata
2405 1868 2700 1947 magistri
2739 1862 3044 1947 scripsit?

322 1970 472 2055 Qua
536 1977 641 2039 via
702 1978 837 2039 iam
891 1976 1111 2057 prisca
1166 1972 1567 2055 antiquitate
1612 1972 1977 2056 discipulos
2025 1977 2353 2056 magistris
2400 1971 2605 2038 libros
2651 1974 3042 2055 surripuisse

323 2085 731 2162 compertum
776 2080 1110 2149 habemus.
1158 2078 1347 2145 Idem
1385 2078 1783 2163 Quintiliani
1829 2079 2138 2163 discipuli
2175 2080 2539 2145 fecerunt³.
2589 2079 2816 2163 Atque
2855 2076 3043 2143 Cice-

276 2194 281 2199 ’
322 2190 498 2250 ronis
525 2186 631 2251 De
660 2188 1034 2253 inventione
1071 2187 1405 2251 rhetorica
1434 2193 1501 2251 et
1538 2190 1771 2251 incerti
1809 2191 2099 2252 auctoris
2126 2187 2231 2251 De
2261 2191 2518 2251 ratione
2547 2186 2810 2251 dicendi
2836 2184 3044 2250 libros

321 2290 485 2357 nihil
524 2314 666 2359 esse
707 2293 891 2359 aliud
923 2315 1120 2377 quam
1150 2298 1654 2359 commentarios
1682 2293 1771 2359 ad
1801 2294 2055 2359 dictata
2086 2298 2381 2377 magistri
2408 2297 2478 2359 in
2507 2293 2734 2358 schola
2763 2296 3044 2376 scriptos

321 2398 697 2465 Fridericus
745 2401 941 2467 Marx
986 2405 1314 2483 sagaciter
1360 2400 1888 2465 demonstravitt

530 2507 769 2591 Itaque
824 2507 1184 2591 discipulos
1228 2506 1589 2590 Augustini
1644 2529 1907 2591 quoque
1959 2507 2404 2573 admiratione
2461 2466 2756 2590 magistri
2813 2512 3042 2589 captos

320 2614 445 2679 hoc
500 2613 717 2681 facere
774 2619 1067 2698 potuisse
1114 2614 1398 2680 libenter
1444 2614 1881 2679 concedimus.
1973 2614 2111 2681 Sed
2158 2622 2232 2680 ut
2279 2614 2642 2680 diiudicare
2697 2617 3039 2697 possimus,

316 2726 541 2785 utrum
606 2720 1069 2805 fragmentum,
1138 2721 1221 2786 de
1278 2744 1407 2804 quo
1462 2724 1737 2804 agimuS,
1805 2742 2036 2787 revera
2093 2720 2414 2805 reliquiae
2459 2725 2596 2785 sint
2641 2726 3041 2785 commenta-

318 2830 567 2892 riorum
615 2850 655 2892 a
702 2828 1045 2911 discipulis
1090 2828 1451 2911 Augustini
1496 2826 1824 2893 editorum
1879 2848 2106 2907 necne,
2165 2828 2253 2893 ad
2299 2828 2676 2911 fragmenta
2723 2846 3040 2909 praecep-

320 2942 543 2999 torum
587 2938 748 2999 artis
797 2934 1079 3014 dicendi,
1150 2956 1319 3018 quae
1366 2938 1435 2999 in
1482 2938 1744 3018 scriptis
1790 2935 2148 3019 Augustini
2204 2933 2507 3018 dispersa
2550 2932 2782 3013 latent,
2849 2932 3040 2997 nobis

321 3040 829 3123 confugiendum
874 3050 990 3108 est.
1038 3042 1143 3107 De
1192 3040 1429 3125 quibus
1472 3044 1671 3107 tertia
1719 3041 2186 3123 disputationis
2233 3047 2422 3124 parte
2471 3020 2878 3105 disseremus.

1600 3342 1765 3423 ΙΙΙ.

532 3556 695 3641 Quis
750 3563 868 3635 est,
934 3560 1041 3621 cui
1094 3578 1226 3622 non
1274 3556 1555 3621 fiduciae
1612 3555 1814 3639 plena
1863 3554 2206 3621 videantur
2251 3555 2419 3621 haec
2466 3558 2700 3621 incerti
2747 3558 3036 3619 auctoris
3126 3579 3131 3584 ·

316 3662 403 3727 ad
448 3664 861 3729 Herennium
922 3663 1141 3743 verba,
1209 3663 1444 3746 quibus
1502 3684 1900 3746 magnopere
1958 3665 2462 3728 commentarios
2521 3682 2672 3725 suos
2727 3661 3035 3745 probat⁵3

318 3771 583 3835 ‘Omnes
640 3772 923 3836 rationes
975 3772 1405 3835 honestandae
1460 3772 1741 3835 studiose
1798 3771 2165 3853 mlleyaessmus
2209 3770 2605 3851 elocutionis,
2656 3768 2729 3832 in
2774 3766 3034 3852 quibus,

536 3981 555 4016 ¹
591 3982 781 4051 Atque
817 3982 1037 4037 subtilis
1077 3987 1225 4035 certe
1262 3986 1319 4035 et
1356 3982 1689 4051 philosopho
1728 3982 1882 4037 haud
1910 3983 2140 4052 indigna
2165 3987 2252 4035 est
2279 3982 2604 4051 disputatio,
2643 3998 2811 4049 quam
2839 3982 3035 4047 Augu·

316 4071 493 4125 stinus
532 4070 727 4123 eodem
756 4074 1007 4139 tempore
1038 4088 1165 4125 cum
1194 4071 1387 4124 amicis
1416 4070 1483 4123 de
1514 4072 1727 4125 artibus
1757 4072 2082 4125 liberalibus
2113 4072 2326 4125 habuit.
2367 4070 2520 4140 Quae
2551 4070 2860 4139 disputatio
2888 4070 3034 4122 libro

316 4161 494 4228 primo
535 4160 617 4213 De
658 4160 853 4214 ordine
892 4163 1228 4215 continetur.

529 4266 551 4301 ²
586 4284 634 4320 c.
678 4268 727 4334 1,
764 4268 817 4321 2.

530 4372 553 4406 ³
589 4372 778 4442 Quint.
816 4372 959 4427 Inst.
998 4372 1029 4427 Ι
1066 4374 1115 4429 7.

529 4480 549 4513 ⁴
585 4476 656 4532 In
694 4478 1131 4548 Prolegomenis,
1178 4493 1317 4549 quae
1357 4480 1562 4535 Incerti
1600 4479 1852 4535 auctoris
1887 4480 1952 4533 de
1987 4478 2207 4534 ratione
2243 4480 2466 4533 divendi
2496 4481 2569 4533 ωεί
2604 4480 2660 4535 0.
2691 4478 3036 4534 Herennium

314 4568 477 4623 libris
512 4566 615 4622 IV.
653 4570 943 4637 praemisit
979 4587 1031 4637 p.
1064 4570 1131 4624 75
1169 4570 1274 4639 (De
1313 4575 1514 4624 natura
1548 4575 1608 4623 et
1644 4570 1832 4623 indole
1869 4570 2142 4624 librorum
2171 4568 2242 4623 ad
2272 4568 2430 4641 Her.)
2461 4588 2596 4639 sqq„
2635 4570 2716 4624 De
2747 4570 3033 4624 Ciceronis

314 4658 473 4711 libris
510 4656 579 4710 de
618 4657 731 4709 inv.
767 4675 822 4725 p.
854 4658 921 4713 76
958 4676 1077 4726 sqq.

530 4762 551 4797 ³
587 4760 675 4819 IV
714 4764 800 4833 56,
837 4783 891 4833 p.
918 4764 1217 4821 375-376·
1238 4766 1373 4819 edit.
1412 4764 1503 4820 Fr.
1542 4764 1770 4820 Mai-xii.
