3567 5109
267 492 463 564 Quae
499 512 638 555 non
674 493 959 555 differre
995 492 1159 554 mihi
1195 492 1518 553 videntur
1552 492 1635 552 ab
1669 510 1801 553 usu
1835 494 2093 565 nostro,
2141 509 2225 551 ex
2261 508 2397 568 quo
2444 490 2974 569 praecedentem

270 598 860 660 enumerationem
911 598 1428 660 intermittimus
1478 602 1637 676 post
1686 596 1977 657 verbum
2028 595 2259 657 ‘kurz’.
2313 594 2551 673 Neque
2585 595 2827 657 durior
2873 602 2977 657 est

269 705 697 765 intermissio
746 707 816 765 in
864 702 1086 765 altero
1135 719 1376 764 versu:
1416 732 1422 738 ·

799 841 943 899 Quid
982 841 1164 891 dicam
1204 841 1428 890 diversa
1465 853 1624 889 sacra
1662 844 1716 889 et
1753 840 1839 889 dis
1880 844 2050 902 atque
2090 840 2301 888 deabus

798 929 1036 979 Condita
1075 929 1320 989 templa?
1361 928 1602 995 Loquar,
1642 941 1787 991 quae
1822 928 1932 977 sint
1971 926 2249 989 Capitolia
2284 927 2545 989 primum.

279 1052 396 1113 Vel
473 1054 697 1115 levem
773 1053 1356 1114 intermissionem
1433 1053 1501 1111 in
1562 1052 1684 1112 hac
1747 1067 1995 1113 versus
2048 1056 2243 1129 parte
2306 1051 2587 1113 Paulino
2639 1054 2979 1131 ingratam

278 1160 497 1220 visam
547 1174 698 1219 esse
755 1174 836 1219 ex
885 1173 1105 1235 parvo
1171 1172 1500 1218 versuum
1548 1172 1835 1216 numero
1884 1155 2158 1234 colligo,
2206 1157 2322 1233 qui
2372 1157 2541 1217 hanc
2577 1156 2979 1219 incisionem

275 1262 624 1325 exhibent.
670 1262 908 1340 Neque
956 1262 1138 1321 enim
1187 1260 1422 1339 plures
1469 1276 1670 1337 quam
1721 1265 1985 1337 septem
2019 1264 2181 1321 sunt
2214 1258 2377 1337 (XV,
2415 1266 2565 1337 243;
2614 1260 2788 1337 XIX,
2824 1267 2980 1337 5103

280 1372 438 1441 6063
491 1365 632 1441 XX,
682 1371 792 1439 403
845 1363 1020 1441 XXI,
1069 1368 1226 1440 '7073
1278 1362 1526 1439 XXIII,
1583 1370 1731 1437 157;
1783 1360 2056 1441 XXVII,
2105 1362 2279 1443 467).

489 1470 693 1542 Quod
726 1468 1060 1550 syllabam
1097 1468 1395 1544 brevem,
1430 1486 1610 1547 quae
1642 1468 1959 1546 sequitur
1995 1484 2368 1544 caesuram,
2416 1469 2743 1532 Paulinus
2776 1471 2985 1533 inter-

285 1575 670 1654 punctione
692 1592 830 1636 non
853 1574 1176 1650 seiunxit,
1208 1573 1397 1635 haud
1419 1572 1718 1640 mireris;
1755 1590 1917 1634 nam
1948 1572 2131 1633 haud
2164 1578 2427 1651 gratam
2460 1590 2611 1637 esse
2644 1576 2987 1637 enuntiati

283 1678 670 1742 clausulam
715 1685 878 1759 post
923 1679 1207 1741 tertium
1254 1676 1739 1758 pyrrhichium
1786 1695 1911 1757 per
1956 1694 2031 1739 se
2076 1683 2282 1757 patet.
2331 1679 2421 1739 At
2468 1697 2607 1741 non
2666 1680 2987 1743 omnibus

281 1785 456 1845 locis
504 1784 840 1846 Paulinus
887 1782 1015 1847 hac
1065 1782 1419 1845 abstinuit.
1467 1782 1827 1861 Mitigatur
1873 1788 2097 1844 autem
2140 1781 2459 1861 plurimis
2507 1782 2679 1846 locis
2712 1792 2829 1847 aut
2872 1785 2989 1846 eli·

283 1890 484 1952 sione
535 1886 740 1971 (XIX,
790 1891 948 1951 402:
995 1883 1134 1948 alia
1177 1894 1246 1947 ut
1290 1884 1584 1953 novistis‚·
1639 1885 1815 1961 XXI,
1866 1892 2020 1947 621:
2054 1884 2305 1969 facere3
2357 1894 2445 1947 et:
2508 1887 2781 1965 XXVII,
2832 1896 2985 1951 459:

284 1994 606 2078 quoniam,
646 1994 798 2061 εἴθιζ-
848 1994 1120 2069 XXVII,
1171 2000 1327 2055 501:
1379 1988 1632 2053 domino
1663 1999 1749 2065 εἰς
1802 1990 1888 2055 cf.
1918 1981 2094 2067 XXI,
2130 1995 2286 2055 272:
2322 2012 2558 2053 ‘mecum
2595 2000 2683 2067 et;
2715 1995 2990 2059 XXVII.

285 2103 447 2161 264:
496 2106 727 2181 septem
773 2100 854 2177 ct)
905 2106 1022 2161 aut
1059 2116 1262 2176 nexu,
1311 2116 1450 2178 quo
1484 2098 1668 2161 inter
1699 2117 1774 2161 se
1806 2098 2179 2161 cohaerent
2211 2100 2592 2162 sententiae
2638 2100 2859 2161 velut:

501 2224 619 2289 XX,
657 2224 784 2272 362:
824 2221 882 2271 Si
921 2227 1106 2271 tamen
1145 2222 1204 2271 hi
1241 2226 1470 2271 careant
1509 2222 1666 2279 duce,
1709 2236 1823 2283 quo
1862 2221 1956 2270 via
1993 2222 2177 2271 luceat
2218 2221 2345 2286 illis,

501 2310 726 2373 XXVII,
766 2312 893 2359 393:
933 2310 1200 2370 Quaeque
1239 2310 1394 2370 prius
1433 2309 1562 2370 pilis
1599 2309 1766 2370 stetit,
1810 2310 1945 2357 haec
1986 2309 2150 2356 modo
2190 2310 2329 2357 fulta
2370 2310 2657 2370 columnia

503 2395 698 2461 XXVI,
735 2398 838 2445 309
857 2408 926 2446 sa
1345 2434 1356 2445 .
1388 2433 1400 2446 .
1430 2437 1440 2446 .
1472 2432 1483 2444 .
1513 2432 1526 2445 .
1556 2435 1567 2445 .
1591 2434 1600 2445 .
1625 2430 1636 2441 .
1660 2429 1673 2441 .
1700 2400 1817 2444 tam
1858 2394 2160 2457 prodigiali

681 2483 964 2531 Daemone
1003 2483 1275 2531 distentus
1313 2484 1435 2547 fuit,
1474 2488 1534 2532 ut
1573 2483 1684 2532 lam
1713 2518 1969 2533 .......
1989 2500 1998 2543 ;

289 2570 538 2631 eodem
587 2568 836 2631 referri
885 2576 1116 2649 potest
1165 2588 1404 2631 versus
1450 2570 1697 2647 XVIII,
1747 2577 1859 2631 64:

714 2674 835 2723 Non
877 2673 974 2735 qui
1011 2674 1107 2721 sed
1147 2674 1216 2721 de
1255 2688 1365 2735 quo
1403 2676 1622 2738 loquar,
1661 2674 1924 2723 exaudite
1963 2676 2218 2725 libenter.

295 2798 525 2875 Atque
575 2796 748 2859 adeo
799 2804 947 2858 arte
981 2802 1364 2872 excusatur,
1413 2797 1602 2876 quod
1651 2797 1803 2861 aliis
1852 2799 2027 2860 locis
2076 2801 2303 2861 minus
2352 2807 2626 2878 gratum
2674 2807 2800 2862 est.
2852 2802 2998 2872 Qua

296 2902 570 2964 ratione
615 2918 858 2965 versus
908 2901 1080 2977 XIV,
1137 2905 1214 2961 32
1263 2908 1418 2979 apte
1465 2902 1537 2963 in
1589 2902 1760 2963 duas
1808 2909 2039 2981 partes
2090 2903 2459 2965 dividitur:

719 3022 838 3073 Una
877 3024 996 3072 dies
1033 3027 1260 3072 cunctos
1297 3028 1478 3087 vocat,
1517 3036 1628 3071 una
1664 3028 1716 3071 et
1753 3023 1895 3071 Nola
1934 3028 2197 3085 receptat.

297 3146 534 3225 Neque
585 3163 791 3223 aegre
831 3147 1137 3209 feremus
1172 3145 1754 3208 intermissionem
1802 3148 1871 3207 in
1906 3163 2115 3207 versu
2147 3146 2324 3218 XXI,
2378 3154 2473 3209 48.
2523 3147 2784 3211 Dubius
2820 3151 2999 3212 enim

182 3286 192 3302 ·
297 3250 570 3311 animus
637 3252 980 3313 sententia
1029 3268 1066 3312 a
1116 3257 1338 3312 metro
1405 3250 1839 3330 discrepante
1886 3248 2060 3311 bene
2111 3250 2530 3330 depingitur.
2596 3255 2761 3314 Nam
2810 3255 3003 3331 legas

299 3372 560 3433 quaeso
611 3354 740 3417 hos
787 3372 1063 3418 versus:

723 3493 882 3543 Unde
916 3494 1092 3555 igitur
1131 3494 1330 3543 faciam
1370 3494 1593 3543 texendi
1632 3493 1896 3543 carminis
1934 3496 2155 3543 orsum?

723 3580 878 3637 Quae
915 3582 1063 3630 bona
1105 3581 1306 3630 Felicis
1341 3582 1618 3630 referam?
1655 3594 1799 3642 quae
1838 3582 2013 3629 multa
2050 3593 2152 3642 per
2190 3594 2381 3629 omnes

722 3668 934 3717 Passim
972 3668 1105 3729 agit,
1146 3668 1442 3730 expediam
1481 3668 1676 3733 magiS,
1716 3681 1861 3716 anne
1900 3668 2202 3717 domestica
2242 3668 2421 3716 dicam

725 3756 994 3805 Munera?

304 3876 533 3939 Minus
585 3883 814 3939 autem
861 3880 1140 3959 placent
1186 3880 1256 3941 hi
1305 3897 1578 3941 versus:

515 4018 612 4067 XV
617 4017 721 4079 111,
763 4020 884 4069 142:
922 4019 1090 4085 Totis,
1129 4032 1243 4081 qua
1281 4020 1499 4067 caelum
1535 4022 1708 4084 patet,
1746 4019 2100 4067 occurrentia
2139 4019 2331 4083 portiS,

518 4103 632 4168 XX,
676 4106 772 4153 164
808 4117 879 4155 ιε
917 4105 1264 4155 Occultasset
1301 4106 1450 4155 enirn
1489 4104 1672 4154 meriti
1711 4104 2011 4153 discrimen
2048 4104 2243 4166 iniquo

918 4192 1184 4254 Corporis
1219 4193 1418 4241 inlaesi
1456 4192 1620 4254 vigor
1658 4196 1710 4241 et
1748 4191 2020 4241 vinxisset
2056 4192 2291 4241 inertem

921 4280 1076 4329 Mens
1112 4280 1317 4329 durata
1353 4292 1510 4329 reum
1537 4314 1710 4331 .....

519 4366 668 4432 XXI,
705 4368 832 4417 616:
933 4367 1055 4424 Quo
1095 4366 1273 4429 magis
1313 4368 1415 4415 hoc
1453 4366 1656 4415 mirum
1695 4367 1855 4432 foret,
1894 4366 2197 4416 intervalla
2236 4366 2471 4433 dierum,

518 4452 748 4516 XXVII,
784 4455 910 4503 480:
950 4454 1150 4515 Aspice
1187 4467 1337 4503 nunc
1377 4454 1530 4503 aliud
1567 4454 1738 4504 latus:
1778 4459 1840 4503 ut
1877 4455 1948 4503 sit
1985 4454 2234 4515 porticus
2272 4466 2399 4502 una.

519 4576 805 4638 Totiens
828 4577 971 4638 fere
992 4584 1155 4656 post
1178 4576 1580 4639 trochaeum
1614 4576 1935 4654 quintum
1956 4576 2344 4638 invenimus
2377 4579 2805 4638 enuntiatum
2838 4578 3014 4639 clau-

319 4698 483 4755 sum,
517 4680 844 4760 quotiens
877 4688 1036 4759 post
1068 4680 1418 4761 dactylum
1469 4680 1786 4758 quintum
1837 4681 2120 4759 legitu1·;
2172 4681 2316 4742 illic
2365 4682 2543 4741 enim
2595 4678 2859 4756 XXX³⁰“,
2910 4683 3016 4742 hic

321 4781 495 4846 XL¹⁰¹⁸
543 4786 884 4847 sententia
929 4788 1357 4847 terminatur.
