3567 5109
1462 303 1936 368 -141—

347 495 502 556 dem
547 495 754 558 huius
802 496 901 559 rei
949 514 1033 558 ne
1080 513 1297 558 unum
1347 495 1622 576 quidem
1669 497 1947 576 reperio
2002 499 2333 561 indicium
2382 505 2587 578 atque
2636 499 2811 562 adeo
2858 500 3052 562 illum

345 603 696 679 propriam
743 600 924 663 viam
971 601 1240 664 ratione
1288 606 1522 664 tamen
1579 601 1813 666 habita
1862 620 2097 665 earum
2141 621 2402 680 rerum,
2450 622 2626 684 quas
2673 605 2794 666 alii
2838 603 3051 685 scrip-

345 689 533 767 tores
579 712 1112 786 proposuerant,
1159 713 1471 784 secutum
1519 725 1670 770 esse
1718 707 2253 774 adfirmaverim.

549 811 700 872 Iam
745 828 915 874 vero
963 829 1060 888 ea,
1109 829 1282 891 quae
1327 811 1584 875 Fabius
1630 813 1716 875 de
1751 813 2045 876 statibus
2095 814 2316 892 docet,
2364 832 2846 895 comparemus
2894 832 3049 876 cum

343 915 698 978 Celsianis.

551 1019 1022 1092 Quintilianus
1083 1021 1273 1100 sein
1321 1022 1793 1085 Institutionis
1843 1025 2180 1086 oratoriae
2236 1023 2436 1086 libris
2483 1024 2684 1086 aliam
2733 1030 3046 1087 secutum

343 1141 492 1188 esse
555 1126 969 1189 sententiam
1038 1131 1246 1206 atque
1295 1135 1512 1204 antea,
1575 1145 1732 1192 cum
1801 1133 2019 1192 artem
2066 1130 2487 1192 rhetoricam
2536 1129 2836 1207 doceret,
2900 1132 3049 1209 ipse

342 1229 718 1293 confitetur
765 1231 873 1292 his
937 1231 1177 1293 verbis
1243 1232 1369 1309 (ΙΙΙ
1419 1238 1477 1308 6,
1514 1233 1660 1312 63):
1709 1228 1859 1314 Ipse
1904 1252 1997 1292 me
2030 1228 2312 1315 paulum
2342 1231 2414 1294 in
2455 1229 2611 1310 alia,
2646 1249 2837 1318 quam
2860 1232 3049 1314 prius

340 1331 690 1414 habuerim,
747 1333 1040 1418 opinione
1088 1355 1256 1398 nunc
1302 1358 1428 1398 esse
1476 1335 1789 1418 confiteor.
1856 1339 2074 1402 Antea
2149 1339 2333 1402 enim
2387 1340 2518 1404 hoc
2565 1339 2774 1402 modo
2822 1343 3045 1400 status

344 1439 700 1504 diviserat:

1594 1587 1787 1634 status.

339 1656 1726 1778 Μ
2530 1691 2579 1739 4.
2618 1688 2836 1751 1022112.
2940 1753 3037 1777 .-

516 1787 648 1840 ‘tres
684 1791 990 1842 rationales
1026 1796 1201 1842 status
1237 1791 1562 1855 generales'.
2509 1790 2673 1843 ‘unus
2711 1791 2909 1855 legalis

2440 1866 2618 1913 status
2652 1859 2965 1925 generalis’.

339 1999 673 2071 Quartum
723 2006 977 2065 statum
1026 2003 1423 2083 generalem
1457 2021 1754 2084 eumque
1801 2004 2091 2083 legalem
2140 2006 2209 2066 in
2244 2007 2550 2085 quinque
2597 2005 2861 2082 species
2909 2003 3041 2065 dis-

339 2104 708 2168 tribuerat:

1465 2251 1642 2298 status
1679 2247 1894 2310 legalis.

471 2319 564 2341 ρ

579 2370 626 2418 1.
662 2367 935 2430 scriptum
973 2371 1027 2418 et
1062 2369 1344 2419 voluntas.
1444 2371 1492 2423 2.
1529 2368 1684 2432 leges
1719 2370 2059 2420 contrariae.
2166 2370 2215 2418 3.
2253 2372 2430 2419 status
2465 2367 2815 2420 collectivus.

1234 2441 1284 2489 4.
1323 2439 1674 2502 ambiguitas
1769 2441 1819 2490 5.
1860 2438 2172 2490 translatIo.

542 2595 726 2668 Quid
781 2600 852 2658 in
918 2599 1044 2660 hac
1110 2597 1450 2660 divisione
1517 2600 1767 2662 mutari
1816 2598 2041 2676 vellet,
2087 2597 2423 2660 indicavit
2470 2596 2580 2659 his
2626 2595 2860 2658 verbis
2909 2594 3039 2672 (111

341 2705 394 2777 6,
429 2705 507 2762 67
533 2701 696 2780 sq.):
748 2695 944 2762 Nunc
975 2709 1276 2787 quamam
1303 2721 1386 2764 ea:
1413 2698 1815 2784 qeneralibus
1847 2697 2134 2786 intelleqo
2168 2721 2359 2785 posse
2404 2719 2747 2772 remover15
2786 2694 3037 2782 sufficit

334 2801 498 2865 enim
532 2801 760 2888 prima
819 2801 1074 2882 divisio,
1137 2825 1270 2892 qua
1315 2801 1599 2868 diximus
1643 2801 1805 2867 alios
1848 2826 1884 2865 r
1886 2804 2103 2867 ationa
2111 2801 2214 2882 les,
2258 2801 2421 2868 alios
2467 2799 2691 2888 leyales
2734 2822 2893 2865 esse:
2944 2801 3037 2862 ita

337 2927 458 2968 non
520 2907 642 2968 erit
704 2914 935 2987 status,
995 2907 1104 2970 secl
1167 2909 1694 2994 quaestionum
1735 2928 1991 2993 qenus,
2046 2905 2292 2991 alioqui
2334 2916 2391 2970 et
2453 2903 2793 2969 rationalis
2836 2913 3037 2968 status

334 3019 500 3075 esset.
557 3009 666 3075 Ea:
710 3011 794 3075 iis
855 3013 1064 3094 etiam,
1133 3033 1288 3100 quos
1337 3011 1648 3097 speciales
1692 3011 2016 3086 vocabam,
2078 3013 2361 3076 removi
2422 3009 3031 3090 translationem,

319 3115 696 3202 frequenter
759 3114 1005 3203 quidem
1073 3117 1271 3198 (sicut
1314 3138 1541 3197 omnes,
1589 3117 1704 3205 qui
1744 3139 1839 3180 me
1884 3119 2086 3180 secuti
2125 3125 2296 3196 sunt,
2341 3117 2696 3178 mem-inisse
2731 3114 3033 3199 possunt)

331 3227 592 3282 testatus
634 3229 693 3281 et
735 3220 805 3283 in
843 3221 1003 3305 ipsis
1048 3220 1240 3284 etiam
1283 3219 1415 3284 illis
1479 3219 1868 3285 sermonibus
1911 3243 2007 3284 me
2055 3219 2300 3284 nolente
2345 3218 2625 3306 vulqatis
2668 3219 2784 3281 hoc
2827 3227 3033 3281 tamen

331 3321 709 3407 complexus,
771 3325 883 3387 vix
945 3327 1012 3389 in
1055 3323 1194 3387 ulla
1258 3327 1686 3389 controversia
1742 3323 2182 3388 translationis
2237 3333 2471 3389 statum
2508 3345 2695 3409 posse
2738 3323 3032 3408 reperiri,

331 3437 398 3490 ut
443 3449 570 3492 non
611 3439 670 3491 et
711 3427 885 3492 alius
928 3430 999 3491 in
1055 3429 1270 3492 eadem
1314 3439 1475 3493 recte
1519 3430 1656 3494 clici
1695 3429 2039 3510 videretur,
2106 3429 2423 3517 ideoque
2469 3451 2513 3490 a
2579 3424 3027 3516 quibusdam

330 3555 488 3597 eum
533 3532 941 3598 exclusum.
1007 3537 1202 3600 Hanc
1247 3540 1464 3618 igitur
1511 3543 1823 3603 statuum
1870 3539 2241 3619 proposuit
2288 3538 2714 3599 doctrinam:

1487 3712 1866 3768 Quaestiones.

752 3829 930 3879 genus
966 3816 1265 3866 rationale.
2166 3829 2343 3880 genus
2378 3817 2577 3878 legale.

401 3928 444 3972 1.
482 3920 821 3972 coniectura.
913 3924 960 3971 2.
999 3893 1706 3982 ‹malima—
1928 3893 2361 3985 mmm
2400 3928 2454 3970 et
2491 3895 2796 3970 volunta?

1999 3996 2047 4044 2.
2085 3995 2235 4055 leges
2271 3991 2604 4042 contrariae.

1999 4067 2047 4114 3.
2086 4067 2262 4113 status
2298 4061 2642 4112 collectivus,

1996 4137 2045 4182 4.
2084 4131 2435 4194 ambiguitas.

535 4285 606 4349 Si
670 4305 836 4350 vero
904 4289 1461 4366 quaesiverimuS,
1529 4307 1660 4368 qua
1724 4309 1801 4353 re
1850 4291 2109 4354 Fabius
2158 4289 2498 4351 adductus
2548 4291 2653 4364 sit,
2702 4293 2777 4349 ut
2825 4305 3019 4366 quae·

329 4391 482 4453 dam
531 4409 617 4454 ex
664 4410 747 4454 eo
797 4397 1107 4468 mutaret,
1157 4394 1345 4472 quod
1391 4394 1650 4458 multos
1698 4413 1917 4458 annos
1966 4395 2443 4476 adprobasset,
2492 4411 2649 4456 eum
2698 4392 2804 4468 iis,
2851 4411 3023 4471 quae

329 4495 444 4557 alii
503 4497 822 4559 rhetores
879 4501 1277 4575 statuerant,
1325 4498 1614 4576 collatiS,
1672 4506 1748 4562 ut
1796 4501 1867 4563 id
1914 4500 2185 4576 faceret,
2251 4506 2669 4561 commotum
2720 4514 2872 4559 esse
2920 4515 3019 4558 re-

327 4600 843 4680 spondebimus,
911 4601 1380 4682 Hermagoras
1436 4605 1608 4668 hanc
1658 4605 2039 4673 doctrinam
2088 4603 2654 4689 proposuerat¹):

327 4743 359 4752 ..-

539 4811 575 4874 1)
613 4811 682 4864 01.
721 4812 1055 4872 Volkmann,
1097 4815 1132 4866 1.
1173 4815 1205 4863 1.
1245 4829 1300 4887 p.
1338 4783 1450 4876 43(
