3567 5109
1391 316 1980 419 --187·-ο

253 525 723 605 Ribbeckium‚
773 547 920 592 cum
969 525 1243 608 (Coroll.
1291 549 1356 612 p.
1396 526 1590 610 LIV)
1644 527 1746 593 vel
1802 531 2141 593 notionem
2184 528 2369 594 molli
2408 529 2585 613 flexu
2628 528 2764 593 rivi
2807 529 2990 594 modo

249 635 572 718 serpendi
596 632 840 698 inferre
869 632 968 699 vel
998 633 1218 717 potius
1245 635 1527 720 inplicat
1551 633 1836 700 seribere
1864 635 2020 713 vult,
2053 655 2321 719 operam
2350 635 2713 718 perdidisse
2750 635 2989 700 iudice.

482 758 980 844 Nonnunquam
1015 765 1246 842 tropus
1287 757 1897 825 allittera't'ionis
1936 780 2137 824 causa
2166 760 2502 844 quaesitus
2541 780 2684 824 esse
2710 759 2989 838 videtur,

255 873 342 929 ut-
386 864 547 931 1³77
594 868 785 951 flucti
825 866 1220 952 flacciscunt,
1279 865 1498 931 Α122
1549 916 1564 933 .
1609 919 1622 932 .
1664 869 1838 951 quod
1879 888 1991 932 vos
2026 867 2131 932 hie
2164 887 2301 932 non
2336 871 2565 933 mertet
2594 873 2821 949 mettis,
2861 868 2990 930 420

253 973 474 1038 lavere-
518 975 712 1038 salsis
745 976 1005 1039 vultum
1043 974 1350 1056 lacrimis,
1392 975 1519 1039 578
1557 974 1753 1038 salsis
1789 995 2084 1038 eruorem
2114 975 2321 1058 yuttis
2359 973 2785 1038 lacrimarum
2814 973 2989 1054 lavit,

253 1079 336 1144 zin
378 1079 553 1163 quod
596 1081 730 1145 iam
766 1081 1026 1145 Ennius
1071 1079 1395 1146 inciderat
1431 1079 1539 1145 Tr.
1574 1081 1698 1146 1-27
1741 1069 1947 1146 lavere
1986 1081 2292 1144 lacrimae
2328 1081 2535 1144 salsae
2579 1081 2987 1164 sanquinem.

262 1184 678 1253 Allitteratio
737 1190 910 1252 enim
967 1187 1146 1271 apud
1201 1191 1550 1271 utrumque
1607 1192 1875 1270 poetam
1928 1187 2101 1251 inter
2148 1188 2482 1269 pigmenta
2529 1185 2846 1252 orationis
2890 1186 2989 1250 in-

255 1294 519 1376 signem
571 1293 792 1359 locum
847 1294 1117 1359 obtinet.
1191 1293 1288 1359 Ut
1341 1294 1636 1359 Naevius
1689 1293 1879 1359 Com.
1930 1295 2058 1358 113
2115 1294 2316 1358 libera
2373 1294 2601 1377 linyua
2656 1294 2993 1378 loquemur

255 1402 442 1466 ludis
467 1401 881 1467 Liberalibus
917 1407 984 1466 et
1019 1401 1278 1466 Ennius
1325 1409 1458 1466 tres
1505 1401 1827 1466 eiusmodi
1871 1421 2100 1465 versus
2139 1399 2352 1480 lusit1,
2402 1402 2499 1464 sie
2534 1396 2787 1464 Accius
2826 1401 2985 1465 20οε

736 1544 957 1608 Maior
1001 1544 1171 1608 mihi
1214 1543 1428 1627 moles,
1477 1543 1695 1608 maius
1741 1543 2211 1608 miscendumst
2252 1543 2521 1606 malum.

258 1685 332 1750 N
339 1684 618 1750 otabiles
645 1692 991 1770 praeterea
1029 1694 1182 1752 sunt
1219 1686 1288 1751 hi
1323 1686 1482 1751 loci:
1521 1684 1677 1750 P53
1704 1686 2051 1769 famulitas
2078 1685 2181 1750 vis
2207 1691 2446 1768 eyestas
2472 1685 2661 1769 fama
2684 1684 2988 1770 formido,

261 1793 350 1856 67
380 1799 606 1877 porcet
637 1794 876 1878 pudor,
918 1794 1000 1859 79
1038 1799 1116 1857 ut
1142 1794 1556 1878 promeruit!
1588 1799 1782 1878 pater
1810 1793 1979 1857 mihi
2004 1793 2301 1876 patriam
2328 1793 2679 1877 populavit
2712 1812 2923 1856 meam
2936 1794 2966 1855 !
2972 1843 2987 1872 ,

259 1901 350 1962 82
395 1899 768 1984 prodiyium
804 1899 1227 1983 horriferum,
1267 1906 1647 1984 portentum
1685 1921 1909 1984 pavos,
1960 1901 2044 1963 85
2092 1900 2300 1982 mayis
2344 1899 2747 1963 audiendum
2791 1919 2990 1981 quam

255 2007 772 2072 auscultandum
817 2005 926 2090 (ef.
971 2011 1260 2071 veterem
1304 2012 1568 2091 poetam
1615 2005 1797 2090 apud
1833 2005 2027 2073 Varr.
2062 2004 2141 2069 L.
2170 2005 2251 2070 L.
2281 2004 2387 2072 VI
2425 2007 2507 2069 83
2546 2005 2765 2083 audie,
2812 2006 2993 2069 haud

255 2113 556 2178 ausculto
603 2118 669 2178 et
715 2111 955 2179 Caecil.
1005 2110 1170 2180 Stat.
1214 2115 1340 2180 196
1377 2113 1649 2196 Audire,
1703 2114 1913 2197 iynoti
1964 2133 2159 2196 quom
2211 2113 2557 2196 imperant,
2614 2113 2799 2191 soleo,
2854 2133 2991 2176 non

255 2220 678 2303 auscultare),
751 2221 874 2284 144
913 2220 1095 2304 piyet
1127 2226 1486 2305 paternum
1539 2239 1793 2302 nomen,
1859 2225 2230 2284 maternum
2264 2219 2471 2303 pudet
2504 2219 2789 2303 profari,
2858 2221 2987 2283 244

265 2326 550 2410 lymphis
593 2327 787 2410 slavis
831 2327 1097 2410 ful-vum
1140 2333 1217 2391 ut
1252 2329 1591 2411 pulverem
1632 2377 1645 2391 .
1691 2377 1706 2392 .
1755 2327 2040 2408 abluam,
2107 2326 2238 2390 298
2291 2326 2404 2408 Pa,
2454 2327 2709 2406 mulier,
2759 2332 2885 2410 teye
2933 2331 2988 2390 te

256 2438 322 2497 et
368 2439 510 2496 tuta
545 2434 777 2517 templo
812 2433 1057 2515 Liberi,
1105 2435 1234 2498 320
1275 2432 1532 2498 Periere
1569 2433 1814 2515 Danai,
1854 2434 2045 2517 plera
2078 2454 2245 2517 pars
2272 2453 2543 2516 pessum
2579 2433 2807 2514 datast,
2857 2433 2986 2496 322

249 2538 654 2624 proliciendo
693 2540 1185 2624 propitiaturos,
1235 2541 1364 2604 342
1411 2541 1680 2624 repudio
1725 2560 1840 2604 nee
1884 2540 2141 2623 reeepz’o,
2191 2541 2321 2603 412
2358 2539 2685 2622 noctisque
2720 2544 2781 2604 et
2816 2539 2987 2602 nim-

265 2647 424 2710 bum
467 2647 756 2712 obcaecat
797 2647 1040 2730 ni9r0r,
1086 2647 1359 2730 flamma
1398 2698 1412 2712 .
1459 2697 1472 2712 .
1524 2652 1833 2728 coruscat,
1890 2648 2141 2712 eaelum
2178 2697 2191 2710 .
2229 2645 2597 2723 contremit·
2642 2647 2705 2708 A
2727 2647 2812 2711 22
2864 2645 2993 2709 Cui

245 2773 500 2828 ,manus
544 2759 836 2820 materno
879 2755 1091 2818 sordet
1131 2775 1366 2838 sparsa
1407 2754 1746 2836 sanquine,
1816 2754 1899 2818 85
1948 2756 2060 2818 An
2104 2753 2280 2816 mala
2324 2757 2524 2816 aetate
2568 2752 2780 2816 maris
2824 2753 2989 2815 male

263 2861 545 2925 mulcari
572 2907 586 2928 .
622 2863 708 2944 ..9,
751 2862 877 2926 150
913 2861 1152 2925 salutis
1177 2882 1324 2946 spes
1360 2881 1703 2944 supremas
1737 2859 1870 2923 sibi
1904 2859 2089 2924 habet
2113 2879 2377 2923 summa
2402 2858 2680 2940 exerciti,
2722 2860 2848 2922 201
2880 2879 2989 2922 cor

255 2968 659 3031 contundam
683 2973 748 3032 et
771 2968 1216 3052 comprimam,
1256 2969 1385 3032 223
1417 2986 1560 3050 sqq.
1601 2966 1763 3050 quid
1800 2967 2053 3030 tonitru
2090 2965 2351 3030 turbida
2390 2971 2565 3030 torvo
2606 2967 2615 3050 Ι
2660 2965 2990 3030 Comussa

262 3079 514 3158 repente
549 3095 830 3158 aequora
866 3075 1028 3138 caeli
1065 3073 1076 3160 Ι
1120 3074 1463 3138 Sensimus
1489 3093 1711 3138 sonere
1721 3075 1775 3152 ,9,
1815 3073 1945 3137 229
1976 3093 2145 3136 meos
2172 3073 2367 3136 malis
2395 3073 2593 3138 miser
2618 3073 2990 3136 manderem

261 3185 466 3262 natOS,
514 3183 644 3246 288
691 3181 844 3246 velle
888 3181 1028 3244 vim
1069 3182 1340 3265 vulyum
1385 3181 1579 3261 mdes,
1629 3181 1758 3245 319
1806 3201 2071 3243 armum
2114 3185 2413 3243 armatus
2456 3181 2751 3244 ardorem
2789 3178 2986 3258 obtui,

264 3287 468 3369 393s4
505 3288 720 3352 undas
757 3287 969 3368 volvit,
1008 3287 1269 3352 vertices
1304 3289 1374 3352 vi
1407 3287 1712 3352 suscitat:
1746 3281 1756 3376 Ι
1798 3285 1963 3350 Ruit
1990 3287 2322 3370 prolapsa,
2352 3287 2625 3370 pelayus
2651 3285 2986 3369 resparqit,

261 3393 466 3476 reflat,
515 3395 644 3458 434
693 3391 982 3457 Paratus
1025 3415 1178 3458 sum
1221 3394 1438 3458 ubivis
1473 3399 1688 3477 petere
1724 3399 1971 3479 pestem
2006 3393 2296 3477 permiti,
2346 3393 2476 3456 445
2524 3393 2794 3476 quisque
2839 3411 2987 3454 cum

259 3521 498 3564 corona
540 3501 794 3564 clarum
839 3505 1120 3565 cone-stat
1164 3506 1376 3584 caput,
1433 3501 1563 3565 453
1610 3500 1675 3564 si
1717 3522 1817 3565 me
1870 3505 2145 3564 matrem
2189 3519 2498 3563 mansues
2544 3498 2990 3563 misericordia

253 3607 486 3690 eapsit,
535 3608 664 3671 480
710 3607 882 3672 inter
928 3607 1172 3670 tonitra
1214 3612 1276 3672 et
1320 3607 1628 3689 turbines,
1689 3609 1818 3672 552
1856 3607 1927 3670 Ε
1956 3606 2251 3691 viperino
2288 3627 2515 3670 morsu
2550 3627 2744 3670 venae
2781 3606 2982 3668 visce-

263 3735 414 3778 rum
455 3714 462 3798 Ι
520 3714 770 3778 Veneno
822 3713 1106 3794 inbutae,
1175 3715 1299 3779 571
1350 3735 1589 3797 mayna
1642 3714 2033 3778 sonantibus
2072 3714 2082 3797 Ι
2124 3713 2359 3777 Excita
2412 3713 2592 3776 saxis
2636 3712 2990 3776 suavisona

237 3822 406 3886 ‘echo
447 3821 458 3905 Ι
502 3821 770 3906 Crepitu
814 3822 1139 3904 clanyente
1191 3820 1556 3902 cachinnat,
1613 3822 1742 3885 592
1792 3821 2126 3904 Eyredere,
2184 3821 2305 3900 exi,
2364 3820 2531 3903 ecfer
2587 3825 2661 3901 te,
2718 3819 2989 3884 elimina

265 3928 438 4010 urbe,
505 3928 634 3992 630
682 3949 869 3992 mons
914 3928 1206 3992 mollibat
1247 3948 1444 4009 mare,
1513 3928 1639 3992 631
1687 3927 1865 4010 ferro
1909 3926 2173 4009 fervere,
2231 3927 2363 3991 635
2409 3947 2715 4010 maynam
2760 3926 2989 3988 molem

265 4035 582 4115 minuam,
633 4034 761 4098 684
818 4033 1002 4112 Quod
1043 4055 1180 4098 non
1208 4034 1495 4098 labascat
1538 4035 1782 4117 linqua,
1830 4034 2115 4098 mitiseat
2148 4034 2335 4098 mala
2382 4031 2513 4096 Per
2552 4032 2719 4096 duas
2758 4051 2988 4095 conso-

268 4145 498 4205 nantes
541 4137 829 4204 initiales
876 4177 959 4186 —
1006 4137 1077 4203 id
1125 4138 1302 4221 quod
1349 4138 1707 4205 admodum
1751 4160 1974 4204 rarum
2021 4145 2120 4205 est
2165 4137 2427 4223 (Keller
2466 4161 2529 4223 p.
2571 4140 2685 4220 42)
2727 4176 2807 4184 -
2847 4134 2989 4201 effi-

267 4247 460 4312 citur:
497 4246 557 4310 P
579 4249 707 4311 186
743 4247 1014 4310 elamide
1049 4251 1338 4311 contorta
1364 4244 1615 4330 clupeat
1643 4247 1988 4326 braccium,
2027 4246 2085 4312 P
2110 4247 2210 4328 10,
2239 4242 2308 4310 A
2330 4247 2458 4311 478
2485 4245 2709 4328 fruyes
2734 4244 2987 4328 frende,

268 4354 322 4418 P
348 4355 510 4437 pr.5
561 4354 838 4438 yradile's
887 4355 1149 4436 yressiO,
1213 4349 1432 4417 A438
1483 4354 1727 4436 yrande
1783 4359 1843 4416 et
1882 4375 2095 4436 yrare,
2159 4350 2226 4416 A
2253 4353 2399 4430 194,
2448 4353 2576 4417 487
2620 4356 2885 4434 yratum
2930 4356 2993 4413 et

261 4483 472 4546 yma-e,
516 4460 587 4525 A
608 4462 736 4524 325
766 4462 1093 4545 primores
1120 4479 1468 4543 procerum
1494 4461 1886 4544 provocaret,
1924 4458 1983 4522 P
2002 4460 2131 4524 385
2170 4461 2387 4543 spiras
2421 4463 2731 4542 sparteas,
2768 4453 2838 4520 A
2857 4458 2985 4520 517

266 4568 579 4652 serpentis
615 4589 920 4651 squamae
957 4566 1252 4648 squalido
1289 4571 1472 4648 dure,
1512 4563 1721 4629 Α366
1765 4566 1877 4630 Tot
1914 4571 2171 4650 tropaea
2204 4566 2515 4629 tran-sdes.
2566 4563 2755 4627 Haec
2794 4584 2987 4648 prae-

483 4813 504 4848 ¹
541 4812 606 4867 0.
646 4812 854 4880 Keller,
892 4810 1366 4865 ‘Grammatische
1405 4810 1698 4865 Aufsiitze’
1746 4830 1802 4881 p.
1830 4812 1917 4866 27.
