3567 5109
1391 306 1861 369 -101—

259 507 492 562 autem
549 499 748 562 haec:
809 517 861 562 c.
908 501 984 562 X.
1035 497 1136 559 De
1185 495 1326 578 ieje,
1373 515 1428 560 c.
1474 498 1588 560 XI.
1635 495 1734 557 De
1779 496 2087 557 sententia
2132 503 2223 576 (et
2274 497 2511 580 chria),
2559 516 2613 562 c.
2662 499 2807 561 XII.
2872 496 2971 557 De

261 611 602 664 cata-scena
647 610 706 662 et
751 621 1074 664 anasceaa
1117 603 1284 682 (quo
1335 603 1404 663 in
1452 602 1676 681 capite
1721 607 1789 664 et
1841 595 2047 676 thesio,
2096 619 2270 680 quae
2318 609 2627 678 vocatur,
2674 602 2760 664 fit
2791 621 2975 694 men?

263 710 383 784 tio,
431 727 496 788 p.
547 715 690 783 514,
741 727 801 771 v.
833 709 940 786 2.),
987 727 1041 770 c.
1088 707 1274 770 XIII.
1322 704 1422 766 De
1462 703 1941 788 prosopopoeia,
1988 723 2045 769 c.
2090 706 2263 769 XIV.
2312 705 2410 766 De
2456 703 2796 787 ethopoeia

475 803 741 875 Isidori‘
801 822 1045 875 auctor
1109 819 1296 875 certe
1367 811 1598 874 omnia
1666 810 1942 872 dicendi
1992 810 2399 890 primordia,
2455 829 2631 890 quae
2678 831 2716 874 a
2759 814 2973 892 scrip·

265 918 540 979 toribus
623 924 1138 992 enumerantur,
1207 915 1328 978 sed
1412 917 1484 977 in
1586 915 1797 977 alium
1880 914 2201 978 ordinem
2287 915 2554 994 digesta
2637 917 2974 992 exhibuit,

267 1022 639 1102 episcopus
667 1028 905 1114 ¹autem
928 1021 1364 1102 Hispalensis
1383 1020 1716 1082 nonnulla
1751 1025 2019 1082 tantum
2052 1022 2330 1100 recepit.
2363 1021 2728 1085 Praeterea
2763 1021 2974 1085 adno-

265 1127 560 1189 tandum
617 1133 722 1190 est
783 1127 856 1189 in
924 1127 1150 1206 capite
1216 1126 1302 1188 de
1365 1126 1520 1204 lege
1585 1127 1987 1204 conscripto
2054 1125 2389 1204 quaedam
2438 1127 2753 1206 reperiri,
2798 1145 2975 1207 quae

265 1250 408 1293 non
457 1233 812 1311 pertinent
858 1231 946 1294 ad
992 1230 1148 1294 illas
1195 1231 1462 1310 primas
1507 1228 2073 1306 exercitationes;
2122 1229 2301 1292 adde
2334 1231 2524 1310 quod
2556 1231 2793 1294 eadem
2828 1231 2977 1294 fere

267 1339 722 1416 reperiuntur
765 1338 836 1399 in
886 1336 1257 1415 Originum
1303 1335 1489 1398 libro
1538 1335 1782 1413 quinto
1799 1333 1864 1411 ¹).
1914 1333 2230 1398 Isidorus
2262 1336 2481 1415 igitur
2519 1342 2716 1400 antea
2764 1336 2975 1414 locos,

269 1443 390 1520 qui
454 1440 542 1504 ad
589 1441 816 1520 legem
884 1443 1258 1521 pertinent,
1323 1439 1500 1501 alios
1547 1456 1632 1502 ex
1698 1438 1853 1500 aliis
1901 1439 2364 1519 scriptoribus
2411 1440 2845 1521 excerpsisse
2910 1447 2979 1504 et

270 1547 639 1625 collegisse
683 1545 996 1621 videtum
1047 1545 1172 1608 sed
1219 1550 1296 1607 ut
1345 1543 1684 1624 quosdam
1731 1544 1805 1606 in
1852 1545 2275 1607 rhetoricam
2308 1563 2587 1625 quoque
2620 1545 2979 1626 reciperet,

271 1653 396 1714 hac
480 1670 558 1714 re
648 1651 989 1714 adductus
1073 1667 1224 1713 esse
1290 1649 1590 1724 videtur,
1657 1648 1845 1727 quod
1894 1649 2040 1712 eius
2108 1657 2352 1713 auctor
2398 1651 2473 1713 in
2520 1650 2795 1715 dicendi
2840 1651 2977 1731 pri·

270 1757 568 1819 mordiis
617 1762 820 1819 etiam
868 1757 954 1819 de
1001 1756 1236 1835 legum
1279 1754 1488 1818 laude
1538 1771 1616 1816 ac
1662 1753 2181 1833 vituperatione
2230 1756 2390 1834 egit.
2441 1755 2612 1828 Quis
2660 1775 2827 1820 vero
2874 1764 2981 1820 est

273 1863 388 1925 ille
437 1863 730 1923 auctor?
779 1879 938 1924 nam
973 1859 1324 1923 Isidorum
1371 1875 1472 1934 ea,
1521 1873 1699 1936 quae
1733 1857 1865 1920 hoc
1914 1857 2067 1920 loco
2115 1857 2361 1935 adfert,
2394 1877 2479 1922 ex
2514 1860 2981 1940 scriptoribus

273 1967 564 2044 LatiniS‚
629 1984 927 2045 quorum
993 1963 1155 2026 libri
1223 1969 1520 2038 exstant,
1584 1980 1722 2024 non
1789 1963 2222 2042 excerpsisse
2286 1970 2513 2043 patet;
2582 1966 2978 2029 accuratius

273 2074 460 2136 enim
527 2071 840 2149 disputat
903 2068 988 2132 de
1035 2067 1264 2144 rebuS‚
1330 2084 1506 2146 quas
1554 2065 1802 2129 Cicero
1850 2066 2173 2129 celeriter
2217 2069 2719 2148 perstrinxit²)‚
2767 2069 2978 2141 Quin-

273 2177 564 2239 tilianus
619 2175 870 2255 partim
937 2174 1186 2236 leviter
1231 2173 1478 2249 attigit,
1540 2169 1795 2249 partim
1844 2170 2045 2233 aliter
2094 2171 2553 2252 descripsit³),
2616 2171 2981 2236 inferioris

275 2281 526 2344 aetatis
557 2281 938 2359 scriptores
973 2295 1264 2358 prorsus
1298 2276 1705 2338 omiserunt.
1743 2274 2132 2345 Quemnam
2180 2278 2397 2356 igitur
2446 2279 2615 2340 adiit
2666 2279 2979 2340 fontem?

276 2387 382 2448 Au
431 2401 590 2447 eum
639 2383 910 2446 Graeco
957 2400 1160 2444 usum
1209 2398 1361 2443 esse
1407 2385 1692 2442 auctore
1739 2382 2175 2441 statuamus?
2236 2381 2487 2460 Magna
2535 2381 2818 2461 quidem
2881 2382 2981 2444 in-

277 2488 576 2552 tercedit
631 2487 1016 2550 similitudo
1065 2487 1247 2547 inter
1293 2483 1646 2546 Isidorum
1697 2489 1766 2544 et
1812 2483 2194 2562 scriptores
2244 2484 2569 2561 Graecos,
2617 2485 2803 2564 quod
2868 2504 2983 2565 ap-

279 2601 481 2674 paret
527 2611 611 2654 ex
660 2592 1204 2671 comparatione,
1253 2607 1430 2668 quae
1478 2585 1817 2664 sequitur.

347 2787 620 2847 Hermog.
663 2797 824 2848 prog.
865 2781 960 2847 Sp.
997 2783 1072 2842 ΙΙ,
1110 2797 1165 2846 p.
1206 2783 1255 2848 6,
1293 2795 1348 2833 v.
1385 2785 1508 2832 9ss.
1630 2791 1636 2823 ι
1880 2775 1887 2783 “
2008 2781 2205 2832 Isidor.
2246 2797 2299 2844 p.
2340 2785 2459 2846 513,
2499 2785 2563 2834 26
2584 2797 2652 2832 ss.

417 2886 658 2954 Γνώμης
693 2885 753 2936 δὲ
778 2885 1031 2952 διαφέρει
1067 2885 1264 2954 (χρεία)
1295 2923 1462 2938 .....
1503 2889 1577 2950 τῷ
1631 2856 1636 2885 ¹
1749 2871 1754 2878 ¹
1804 2883 2987 2950 Huic(sententiae)eipcraeonafimitadiecta,

280 2971 376 3040 τὴν
411 2971 514 3040 μὲν
547 2973 734 3042 χρείαν
769 2969 832 3024 τὸ
855 2972 1153 3040 πρόσωπον
1187 2969 1250 3023 τὸ
1285 2969 1582 3038 πεποιηκὸς
1631 3015 1638 3061 Ι
1686 2969 1830 3021 clm'a
1886 2974 1983 3021 crit
2009 3011 2023 3024 .
2045 3010 2055 3020 .
2079 3008 2092 3021 .
2120 3010 2133 3023 .
2214 2973 2351 3026 Nam
2386 2975 2521 3028 intes·
2564 2972 2760 3024 chriam
2793 2976 2841 3022 el
2875 2989 2987 3022 een-

281 3059 430 3128 ἔχειν,
505 3061 610 3128 τὴν
680 3061 740 3112 δὲ
811 3060 1032 3128 γνώμην
1084 3060 1216 3112 ἄνευ
1281 3058 1581 3126 προσώπου
1632 3070 1637 3131 Ι
1687 3059 1896 3108 tenatiam
1930 3057 2020 3108 hoc
2044 3060 2271 3125 interese,
2298 3061 2431 3126 quod
2454 3062 2713 3110 sententia
2738 3062 2846 3108 sinc
2864 3075 2987 3122 pet·-

281 3148 550 3213 λὲγεσθαι.
1633 3134 1636 3157 '
1687 3161 1816 3194 sona
1842 3145 2122 3208 profer-tw,
2150 3144 2295 3196 chria
2330 3147 2439 3196 eine
2457 3161 2684 3209 perenna
2719 3161 2988 3210 numnquam

348 3257 557 3306 Theon.
589 3268 748 3318 prog.
787 3257 879 3318 Sp.
921 3257 994 3320 11,
1034 3270 1087 3318 p.
1127 3258 1210 3318 96,
1251 3269 1301 3305 v.
1341 3257 1408 3306 22
1428 3268 1508 3316 sq,
1633 3240 1638 3336 Ι
1687 3231 1890 3284 dicitur.
2506 3251 2535 3266 -

417 3361 574 3408 πᾶσα
591 3355 694 3424 γὰρ
713 3357 900 3424 γνώμη
913 3359 1179 3424 σύντομος
1189 3354 1270 3416 εἰς
1287 3354 1584 3422 πρόσωπον
1633 3422 1638 3437 1

282 3444 670 3512 ἀναφερομένη
693 3443 879 3512 χρείαν
909 3447 1058 3496 ποιεῖ
1089 3448 1179 3508 (cf.
1211 3447 1384 3496 Nicol.
1413 3445 1580 3506 soph.
1635 3482 1638 3493 .

282 3549 439 3598 prog.
469 3535 564 3597 Sp.
594 3533 698 3597 111,
719 3547 774 3596 p.
795 3535 913 3594 464,
945 3536 969 3582 1
993 3534 1115 3595 sq.).
1634 3496 1640 3619 f

1635 3626 1638 3653 Ι

1634 3657 1640 3694 ι

419 3725 688 3787 llermog.
738 3737 896 3786 prog.
937 3721 1030 3786 Sp.
1070 3723 1144 3787 11,
1184 3725 1232 3784 8,
1271 3737 1322 3772 ν.
1363 3725 1444 3773 30.
2014 3720 2209 3770 Isidor.
2252 3735 2303 3782 p.
2345 3725 2463 3785 513,
2501 3723 2567 3770 33
2589 3735 2658 3770 ss.

420 3824 712 3890 Ἀνασκευὴ
749 3820 896 3874 ἐστιν
931 3822 1213 3890 ἀνατροπὴ
1261 3827 1356 3874 τοῦ
1393 3839 1582 3889 προτε-
1836 3821 2125 3872 Οαιαεοειια
2185 3829 2258 3872 ωε
2318 3821 2642 3886 confirmatio
2686 3826 2996 3886 propositae

282 3917 482 3976 θέντος
506 3913 838 3980 πράγματος.
859 3909 1163 3976 κατασκευὴ
1186 3910 1244 3961 δὲ
1269 3909 1588 3962 τούναντίον
1691 3911 1781 3975 rei,
1823 3926 2081 3960 anasccua
2117 3917 2285 3961 anatem
2322 3913 2581 3962 contraria
2616 3913 2868 3974 superiori
2904 3918 2994 3961 eet.

281 4001 596 4070 βεβαίωσις.
636 4017 688 4064 p.
718 4005 769 4068 9,
795 4017 846 4051 v,
875 4003 906 4050 2
938 4040 1112 4051 .....
1141 3996 1270 4049 ἀλλὰ
1297 3998 1384 4048 δεῖ
1408 3997 1586 4064 δήπου
1637 3996 1642 4081 f
1832 4014 1884 4060 p.
1915 4003 2034 4062 514,
2074 4001 2103 4046 2
2125 4013 2232 4061 sq.:
2272 3997 2417 4048 Inter
2454 3998 2587 4048 hanc
2622 4005 2669 4048 et
2708 3999 2873 4047 thesin
2908 3998 2999 4047 Ιιοο

285 4090 379 4151 τὰς
433 4088 744 4147 ἀνασκευὰς
799 4085 890 4138 καὶ
945 4085 1044 4146 τὰς
1087 4084 1422 4145 κατασκευὰς
1477 4090 1588 4138 τῶν
1637 4126 1642 4137 .
1693 4089 1917 4150 interest,
1953 4085 2085 4152 quod
2120 4085 2288 4153 thesis,
2324 4087 2554 4151 quamvis
2578 4093 2625 4134 ec
2659 4085 2999 4153 ipsasmbeat

284 4175 374 4244 ἐφ’
419 4173 654 4242 ἑκάτερα
725 4172 825 4240 τὴν
883 4170 1213 4242 ἐπιχείρησιν
1282 4174 1588 4242 δεχομένων
1637 4187 1644 4200 ’
1691 4174 2093 4236 disputatwnem
2128 4173 2183 4220 in
2218 4177 2480 4236 utramque
2509 4179 2712 4234 partem
2750 4188 2802 4234 q.
2842 4188 2881 4222 s.

286 4265 590 4328 ποιεῖσθαι,
612 4261 1001 4321 ἀνασκευάσεις
1025 4259 1086 4312 δὲ
1117 4257 1176 4312 ἐκ
1196 4265 1292 4312 τοῦ
1319 4260 1585 4326 ἀσαφοῦς,
1636 4204 1642 4343 Ξ
1687 4275 1698 4288 ·
1834 4276 1886 4311 ν.
1926 4264 1956 4311 6
1976 4274 2071 4312 ssa
2110 4257 2411 4308 Anasceuae
2439 4260 2617 4320 prima
2640 4258 2822 4307 divisio
2847 4264 2919 4306 est
2944 4260 2999 4306 in

287 4349 342 4404 ἐκ
379 4357 478 4404 τοῦ
506 4349 806 4414 ἀπιθάνου,
845 4343 902 4398 ἐκ
941 4353 1038 4398 τοῦ
1063 4346 1356 4412 ἀδυνάτου,
1393 4347 1452 4398 ὲκ
1489 4353 1586 4400 τοῦ
1693 4349 2045 4398 inconveniens
2103 4352 2147 4394 et
2197 4345 2529 4394 tuendae-ium.
2594 4345 2999 4396 Inconvenientis

499 4633 543 4690 ¹)
581 4645 656 4681 cc
697 4635 746 4695 3,
787 4633 1238 4695 10‚13,19,20‚

499 4718 540 4784 ².)
581 4719 652 4768 de
691 4719 783 4768 Or.
829 4719 854 4766 Ι
899 4721 996 4768 158
1017 4731 1099 4778 sq.

497 4805 540 4867 2)
579 4806 632 4854 11
672 4809 722 4868 4,
765 4809 882 4856 lss.
915 4823 930 4834 ·
