3567 5109
1665 332 2135 398 -156-

546 530 911 604 rationem,
970 545 1104 606 qua
1177 547 1292 609 per
1338 523 1656 611 quamtum.
1701 524 2117 607 suspicionem
2178 523 2343 610 qaod
2391 547 2509 586 nou
2570 523 2845 589 dicimus
2892 526 3103 610 accipi
3155 548 3250 588 vo·

550 628 769 707 lunam,
834 632 1222 711 figurarum
1288 649 1506 710 genus
1571 630 1780 710 idque
1836 631 2333 694 sententiarum
2391 649 2541 694 esse
2590 633 2932 695 statuisse.
3010 634 3250 697 Nonne

547 737 765 816 igitur
811 737 960 798 veri
1009 735 1234 798 simile
1281 741 1388 799 est
1437 735 1711 798 Celsum
1761 734 1847 798 de
1894 737 2022 798 hac
2070 755 2349 816 quoque
2395 755 2491 813 re,
2547 755 2702 799 cum
2760 736 3025 816 figuras
3072 745 3251 801 trac-

545 846 738 917 taret,
758 841 1226 921 disputavisse
1241 842 1272 902 ?
1297 840 1588 904 Schema
1609 847 1856 917 autem,
1889 859 2008 925 quo
2017 861 2143 922 per
2162 837 2474 926 quandam
2496 840 2918 925 suspicionem
2941 839 3109 927 quod
3127 861 3251 902 non

545 943 815 1006 dicimus
842 943 1052 1029 accipi
1079 941 1383 1023 volumus,
1413 946 1729 1008 rhetores
1759 962 2098 1025 persaepe
2130 945 2455 1023 colorem,
2489 947 2677 1026 quod
2708 946 2965 1010 Graece
2997 946 3253 1010 dicitur

545 1059 783 1133 χρῶμα,
827 1051 1199 1127 vocabant;
1237 1069 1368 1130 qua
1400 1069 1477 1113 re
1498 1049 1756 1128 CelsuS‚
1790 1058 1867 1114 ut
1897 1051 2025 1114 hoc
2074 1068 2294 1129 genus
2326 1069 2363 1114 a
2410 1053 2907 1116 sententiarum
2940 1053 3249 1114 schema-

549 1159 638 1218 tis
687 1155 1151 1235 distingueret
1197 1161 1266 1216 et
1312 1155 1624 1218 colorum
1672 1154 1941 1234 figuras
1997 1161 2297 1232 vocaret,
2360 1155 2700 1218 adductus
2751 1173 2903 1219 esse
2955 1157 3251 1220 videtur.

548 1262 1023 1324 Volkmannus
1044 1261 1259 1340 igitur
1277 1261 1365 1341 (p.
1389 1261 1542 1339 463)
1559 1259 1958 1324 Cornelium
1979 1262 2264 1342 σχήματα
2282 1260 2690 1338 ὑποθέσεων,
2710 1279 2883 1342 quae
2896 1268 3251 1334 vocantur,

545 1373 614 1429 et
633 1383 1023 1429 sermonem
1044 1365 1422 1445 figuratum
1456 1366 1587 1428 hoc
1618 1367 1774 1429 loco
1808 1371 2155 1446 spectasse
2186 1367 2416 1429 minus
2450 1374 2635 1430 recte
2666 1367 2946 1430 videtur
2978 1384 3250 1446 negare.

755 1469 1034 1534 Celsum
1098 1473 1306 1533 etiam
1371 1470 1654 1549 figurae,
1722 1488 1900 1550 quae
1967 1471 2294 1534 dicuntur
2360 1472 2870 1552 grammaticae,
2919 1478 3251 1534 tractasse

549 1576 818 1639 conicio
886 1593 972 1638 ex
1037 1578 1143 1639 his
1206 1575 1462 1638 Isidori
1527 1576 1759 1638 verbis
1829 1575 1923 1656 (p.
1990 1581 2133 1654 517,
2204 1581 2296 1641 ,20
2318 1578 2470 1656 sa.):
2535 1573 2599 1636 E
2654 1573 2881 1662 quibus
2938 1573 3251 1659 plur-inme

543 1678 836 1763 superius
879 1699 920 1739 a
965 1676 1266 1740 Donato
1329 1678 1398 1739 in
1459 1676 1883 1741 schematibus
1923 1677 2113 1740 'artis
2170 1681 2625 1763 grammaticae
2686 1677 3027 1742 adnotatae
3082 1687 3250 1754 aunt,

547 1780 714 1846 unde
770 1790 1018 1844 tantum
1063 1781 1184 1845 illa
1230 1780 1330 1846 hic
1381 1781 1698 1867 interponi
1739 1782 2043 1866 oportuit,
2099 1805 2258 1870 quae
2305 1785 2376 1846 in
2420 1791 2701 1869 poemate
2746 1793 2860 1845 aut
2906 1804 3251 1870 numnquam

546 1895 664 1950 aut
710 1885 1059 1973 dzfflz'culter
1086 1886 1286 1968 fiunt,
1331 1888 1401 1949 in
1447 1887 1732 1949 oratione
1779 1896 1988 1950 autem·
2037 1885 2239 1953 libere.
2292 1891 2461 1955 Nam
2512 1891 2860 1954 Isidorum
2911 1909 3012 1965 e0,
3062 1891 3250 1971 quod

549 1995 698 2057 eius
747 2000 988 2057 auctor
1022 1999 1090 2057 et
1133 1994 1248 2058 illa
1295 1994 1647 2056 schemata
1695 1994 2105 2070 exhibuerit,
2153 2001 2228 2058 ut
2276 1995 2437 2058 haec
2471 1995 2830 2072 scriberet,
2861 2002 3251 2075 permotum

547 2117 698 2162 esse
775 2107 963 2179 puto.
1027 2099 1353 2162 Fortasse
1408 2116 1495 2160 ex
1559 2097 1824 2161 verbis:
1894 2119 2084 2183 qaae
2128 2095 2207 2159 in
2250 2107 2585 2180 poemate
2634 2118 2695 2178 q.
2744 2119 2795 2164 s.
2854 2099 3129 2163 Celsum
3178 2102 3247 2163 in

546 2205 798 2283 figuris
833 2203 1308 2267 describendis
1344 2202 1678 2282 quaedam
1729 2204 1815 2266 de
1848 2221 2083 2266 earum
2116 2222 2249 2266 usu
2282 2205 2616 2270 adiecisse
2650 2207 2972 2269 concludi
3003 2211 3251 2286 potest.

753 2310 1247 2383 Quintilianum
1281 2312 1352 2371 in
1385 2311 1881 2370 sententiarum
1932 2309 2297 2372 schematis
2330 2310 2545 2372 multa
2578 2328 2663 2373 ex
2698 2309 2902 2373 Celso
2935 2312 3251 2373 hausisse

546 2417 680 2478 iam
737 2415 1192 2478 Morawskius
1262 2415 1351 2494 (p.
1403 2418 1483 2476 62
1505 2415 1618 2492 ss,)
1671 2415 2060 2493 suspicatus
2126 2421 2233 2475 est
2290 2420 2494 2493 atque
2559 2418 2709 2477 eius
2757 2418 3097 2478 sententia
3144 2415 3250 2492 iis,

547 2538 720 2599 quae
769 2521 853 2582 de
903 2518 1153 2582 Isidori
1201 2517 1510 2580 fontibus
1537 2518 1965 2598 scripsimus,
1998 2518 2470 2581 confirmatur.
2518 2519 2755 2597 Neque
2786 2537 2954 2582 vero
2990 2520 3250 2596 dubito,

546 2627 712 2705 quin
744 2623 994 2687 Fabius
1028 2623 1320 2686 eundem
1354 2625 1424 2684 in
1470 2623 1845 2685 verborum
1880 2640 2157 2701 quoque
2203 2622 2453 2701 figuris
2484 2623 2865 2686 tractandis
2912 2641 3117 2703 saepe
3163 2626 3251 2686 sit

545 2735 843 2792 secutus.
908 2728 1043 2792 Sed
1091 2747 1243 2790 cum
1294 2727 1572 2790 Celsum
1619 2727 1901 2791 Caecilii
1950 2727 2172 2790 libros
2208 2731 2480 2791 novisse
2529 2735 2598 2791 et
2628 2730 3017 2808 inspexisse
3048 2729 3249 2810 plane

547 2835 638 2897 sit
684 2833 1018 2896 credibile
1085 2839 1291 2912 atque
1339 2833 1843 2906 Quintilianum
1906 2835 2266 2904 rhetorum
2321 2834 2687 2912 opiniones
2749 2852 3247 2913 saepenumero

545 2959 684 3002 non
732 2957 816 3000 ex
863 2939 1178 3018 ipsorum
1219 2937 1422 3000 libris
1468 2940 1748 3018 petiisse
1796 2941 1897 3014 iis,
1955 2957 2129 3017 quae
2164 2937 2250 3000 de
2282 2939 2711 3018 Hermagora
2762 2947 2827 3001 et
2874 2939 3248 3001 Aristolele

547 3045 865 3119 diximuS,
911 3045 1267 3124 probetur,
1315 3047 1548 3106 nescio
1597 3062 1682 3106 an
1729 3061 1988 3120 eorum,
2037 3061 2211 3122 quae
2243 3045 2693 3106 Morawskius
2740 3045 2824 3107 ad
2875 3042 3246 3107 Caecilium

542 3149 833 3225 rettulit,
881 3147 1216 3226 quaedam
1263 3165 1349 3210 ex
1396 3147 1578 3210 Celsi
1624 3148 2191 3211 Institutionibus
2225 3147 2581 3211 fluxerint.
2634 3147 2849 3211 Cuius
2896 3151 3000 3211 rei
3042 3152 3248 3209 vesti-

542 3253 734 3334 gium
802 3251 1102 3316 fortasse
1167 3258 1393 3315 exstat
1457 3271 1538 3316 eo
1603 3254 1779 3329 1000,
1848 3253 1971 3315 ubi
2036 3253 2292 3316 Fabius
2362 3253 2445 3316 de
2492 3254 2899 3334 synonymia
2948 3259 3016 3314 et
3062 3253 3247 3332 pleo-

544 3375 802 3434 nasmo,
871 3375 1048 3436 quae
1094 3363 1453 3434 vocantur,
1503 3357 1823 3438 disputat.
1891 3357 2062 3419 Nam
2126 3359 2185 3420 si
2234 3357 2329 3420 IX
2381 3365 2435 3432 3,
2500 3364 2581 3418 45
2605 3375 2691 3422 ss,
2758 3359 2925 3419 haec
2988 3357 3245 3438 scripta

544 3463 900 3541 leguntur:
960 3457 1437 3544 Conyreyautur
1482 3481 1720 3546 quoque
1765 3459 1953 3522 verba
1998 3457 2157 3522 idem
2205 3457 2669 3544 siqnificantia:
2718 3457 2927 3530 ‘Quae
2974 3482 3113 3522 cum
3152 3459 3249 3520 ita

541 3566 692 3640 sint,
749 3561 1057 3643 Catilina,
1104 3585 1286 3647 perye
1352 3585 1472 3651 quo
1534 3564 1813 3650 coepisti,
1876 3561 2158 3648 αρν-θάνε
2220 3561 2573 3650 aliquando
2636 3585 2719 3626 ea:
2782 3563 2963 3626 urbe:
3028 3570 3249 3648 patent

539 3677 781 3755 portae,
849 3665 1288 3754 proficiscere&
1354 3667 1438 3730 Et
1498 3669 1568 3730 in
1633 3666 1903 3731 eundem
1966 3667 2101 3731 alio
2168 3665 2353 3730 libro:
2402 3666 2620 3746 ‘Abiit,
2683 3665 2971 3745 excessit,
3016 3666 3243 3752 erupit,

541 3774 783 3836 ποιεῖτ’.
863 3771 1020 3834 Hoc
1073 3771 1415 3836 Caecilio
1477 3772 1964 3858 pleonasmus
2028 3772 2354 3850 videtur,
2416 3771 2488 3834 id
2530 3782 2619 3835 est
2670 3771 3009 3835 abundans
3052 3791 3248 3856 super

541 3877 961 3940 necessilatem
1014 3877 1244 3945 oratio,
1293 3879 1457 3941 sicut
1503 3877 1650 3942 illa.-
1710 3883 1725 3904 ‘
1765 3877 1890 3940 *idi
1932 3875 2142 3940 oculos
2186 3887 2331 3938 ante
2378 3877 2506 3962 ipse
2552 3881 2770 3940 ‘meo-⁴1³:
2816 3878 2879 3939 in
2930 3874 3036 3938 illo
3082 3877 3242 3938 enim

543 3980 721 4045 ‘ridi’
767 3980 929 4043 inest
977 3983 1169 4067 ‘ipse'‚
1236 3985 1512 4048 Caecilii
1570 3986 1987 4048 sententiam
2051 4003 2191 4047 non
2258 3990 2575 4048 accurate
2640 4001 2793 4046 esse
2848 4000 3247 4063 expressam

541 4105 742 4150 nemo
820 4089 1129 4166 negabit;
1224 4092 1344 4168 qui
1427 4090 1674 4152 rhetor
1760 4090 1959 4169 prius
2036 4089 2429 4166 exemplum
2515 4088 3017 4167 synonymiam,
3106 4105 3244 4150 non

542 4193 1025 4272 pleonasmum
1090 4195 1501 4256 vocavisset.
1571 4193 1801 4266 Quare
1868 4193 2132 4267 dubito,
2198 4211 2283 4255 an
2346 4191 2819 4264 Quintilianus
2884 4195 3015 4254 hoc
3090 4193 3247 4254 loco

542 4297 914 4360 Caecilium
964 4315 1102 4365 non
1150 4298 1506 4360 evolverit.
1555 4297 1795 4378 Neque
1841 4304 2073 4359 tamen
2123 4297 2381 4360 infitias
2432 4315 2514 4358 eo
2547 4295 2839 4359 Fabium
2874 4299 3020 4358 eius
3052 4294 3245 4358 libel-

541 4402 681 4464 lum
731 4401 816 4463 de
870 4400 1123 4482 figuris
1186 4405 1460 4464 novisse
1510 4409 1576 4465 et
1635 4403 1972 4482 legisse1).

747 4507 934 4568 Haec
980 4505 1128 4570 fere
1177 4508 1263 4570 de
1296 4506 1480 4570 Celsi
1525 4509 1869 4570 rhetorica
1902 4509 2270 4586 explorare
2304 4506 2688 4586 potuimus;
2738 4525 2893 4568 nam
2942 4523 3040 4583 ea,
3073 4521 3249 4583 quae

542 4606 625 4675 de
699 4613 1030 4674 memoria
1097 4618 1164 4673 et
1225 4613 1787 4691 pronuntiatione
1864 4612 2268 4690 composuit,
2343 4614 2743 4689 ignoramus
2810 4616 2878 4672 et
2952 4610 3247 4673 fortasse

540 4715 1040 4794 ignorabimus.

543 4821 890 4830 ----——-——-

753 4856 791 4917 ¹)
829 4822 1194 4904 conterantur
1227 4852 1508 4913 imprimis
1545 4865 1629 4912 ea,
1666 4865 1813 4914 quae
1853 4853 2222 4902 Morawskius
2260 4867 2313 4913 p.
2352 4853 2433 4912 54,
2473 4854 2539 4901 23
2560 4866 2627 4900 sa.
2668 4851 2979 4913 proposuit.

1689 4975 2098 4986 —ssss
