3567 5109
1470 248 1916 309 -33-

328 457 662 521 dementia
708 464 827 521 est.
886 456 1261 538 Insigniora
1308 458 1511 521 etiam
1556 458 1659 521 his
1704 458 1902 523 Plato
1950 460 2020 523 in
2068 458 2412 542 Symposio
2461 466 2528 523 et
2571 461 2640 523 in
2687 460 3054 525 Menexeno

326 565 757 647 designavit.“
810 563 1241 628 Manifestum
1290 566 1493 647 igitur
1530 585 1672 628 esse
1712 572 2022 647 putamus
2069 565 2239 630 hanc
2281 566 2362 629 ob
2403 586 2670 630 causam
2719 565 3056 649 dialogum

326 694 367 736 a
415 669 697 735 Platone
745 670 1050 752 abrogari
1098 692 1231 735 non
1277 692 1491 753 posse.
1558 688 1565 693 ·

546 775 679 841 Sed
724 779 858 841 iam
907 784 1041 857 sat3
1090 777 1188 840 illi
1226 798 1401 856 vero,
1438 800 1606 860 quae
1645 778 1913 843 Platoni.
1952 780 2324 860 ignoscunt,
2366 782 2446 859 ei,
2487 784 2600 863 qui
2640 780 3054 853 Alcibiadem

324 886 738 967 conscripsit,
798 886 956 949 vitio
1014 886 1195 949 dant.
1288 886 1721 969 Perspicuum
1790 892 1890 949 est
1951 885 2074 951 hos
2138 887 2311 951 viros
2375 887 2545 953 falsa
2606 887 2734 953 hac
2799 889 3053 953 ratione

270 1051 277 1058 .
330 992 511 1056 duci:
559 993 616 1055 si
664 991 966 1075 dialogus
1005 992 1309 1057 Platonis
1352 1014 1488 1057 non
1534 1000 1653 1072 est,
1694 994 1978 1075 scriptor
2015 995 2194 1057 omni
2233 995 2426 1059 modo
2464 994 2936 1076 vituperandus
2974 1016 3053 1059 ac

280 1164 287 1167 .
330 1099 907 1181 reprehendendus
954 1105 1071 1177 est,
1122 1100 1323 1163 etiam
1368 1100 1437 1163 10
1483 1102 1583 1178 iis,
1626 1120 1796 1181 quae
1843 1101 1984 1182 ipse
2023 1099 2218 1164 Plato
2267 1102 2374 1164 vix
2421 1099 2613 1165 aliter
2658 1101 3052 1183 scripsisset.

540 1206 877 1288 Deinceps
950 1226 1028 1269 ea
1102 1206 1549 1287 expediamus,
1630 1227 1800 1288 quae
1875 1229 1916 1270 a
1980 1206 2259 1271 Platone
2334 1206 2631 1288 profecta
2704 1228 2844 1271 esse
2921 1228 3054 1272 non

320 1313 647 1376 videntur.
740 1312 1035 1377 Primum
1092 1312 1355 1393 quidem
1412 1315 1802 1396 σωφροσύνη
1837 1313 2028 1376 -varie
2089 1312 2425 1388 definitum
2493 1336 2640 1377 cum
2699 1336 2760 1395 p.
2817 1312 3054 1379 122A1

324 1421 827 1502 temperantiam
882 1420 983 1483 vel
1043 1420 1558 1483 moderationem
1612 1406 1954 1501 significet,
2014 1419 2194 1484 velut
2245 1420 2312 1484 in
2372 1420 2574 1485 Oonv.
2629 1420 2862 1499 1960,
2929 1421 3054 1487 Rei

326 1528 505 1609 publ.
564 1526 607 1590 l.
664 1526 767 1593 IV
817 1526 1047 1605 430E,
1111 1524 1317 1609 Gorg.
1376 1527 1871 1609 491D5=paulo
1940 1534 2092 1609 post
2154 1549 2218 1609 p.
2274 1528 2480 1595 131ss
2536 1531 2924 1611 σωφροσύνη
2983 1548 3050 1596 se

314 1636 541 1717 ipsum
597 1654 867 1698 noscere
926 1640 1045 1697 est.
1140 1632 1325 1717 Quae
1375 1654 1480 1697 res
1529 1655 1647 1715 per
1702 1656 1771 1699 se
1821 1655 1953 1697 non
2001 1635 2168 1699 mira
2213 1642 2404 1711 esset,
2463 1635 2588 1697 nisi
2647 1635 2928 1716 scriptor
2982 1635 3054 1697 in

322 1744 449 1806 hac
496 1742 943 1824 disputatione
992 1740 1247 1804 efficere
1296 1740 1496 1805 vellet
1540 1741 1928 1805 modestiam
1975 1762 2118 1805 esse
2173 1743 2273 1805 sui
2330 1742 2787 1823 cognitionem.
2853 1740 3049 1807 Plato

322 1852 465 1931 ipse
510 1869 858 1930 nusquam,
909 1854 1229 1929 quantum
1276 1849 1498 1925 sciam,
1546 1849 1617 1911 in
1664 1870 1795 1912 uno
1845 1848 2111 1930 dialogo
2151 1850 2458 1913 virtutem
2499 1848 2834 1929 quandam
2872 1848 3049 1913 varie

318 1954 648 2034 -definivit3
726 1976 873 2018 cum
946 1956 1016 2018 in
1080 1954 1443 2019 minoribus
1517 1954 1800 2037 dialogis
1877 1956 1954 2019 de
2024 1956 2262 2019 virtute
2339 1955 2668 2039 quadam.
2705 1955 3047 2019 disseritur

322 2064 673 2144 variaeque
742 2062 1155 2126 definitiones
1224 2062 1665 2143 proferuntur,
1733 2064 2032 2143 scriptor,
2099 2062 2484 2145 priusquam
2541 2061 2626 2126 ad
2683 2062 2878 2126 aliam
2938 2062 3048 2125 de·

322 2170 684 2234 finitionem
741 2169 1032 2247 accedat,
1091 2171 1375 2251 priorem
1434 2168 1717 2233 refutat²
1764 2177 1831 2234 et
1885 2171 1953 2233 in
2011 2169 2454 2247 conclusione,
2505 2169 2663 2251 quid
2714 2192 2793 2232 ea
2843 2170 3048 2237 virtus

326 2279 429 2355 sit,
478 2278 546 2340 in
594 2276 809 2340 medio
857 2274 1192 2358 relinquit.
1289 2275 1423 2341 Sed
1480 2276 1605 2340 hoc
1663 2276 1806 2340 loco
1857 2276 2227 2342 Alcibiadis
2285 2276 2566 2359 scriptor
2621 2298 2700 2340 ex
2746 2274 3048 2347 Platonis

320 2383 691 2466 Republica
752 2382 937 2447 illam
1002 2382 1361 2447 modestiae
1430 2382 1881 2448 definitionem
1957 2406 2020 2465 p.
2078 2384 2281 2448 122A
2347 2384 2644 2467 sumpsit,
2711 2383 2800 2463 id,
2867 2384 3046 2466 quod

318 2513 469 2554 01110
534 2490 767 2555 fecisse
834 2498 1067 2572 postea
1132 2490 1746 2569 demonstrabimus,
1816 2498 1887 2555 at
1940 2491 2066 2555 sibi
2124 2490 2708 2556 demonstrandum
2763 2512 2924 2569 esse,
2975 2512 3044 2554 se

318 2620 589 2663 noscere
637 2619 779 2661 esse
830 2598 1237 2677 modestiam,
1296 2619 1431 2661 non
1480 2599 1812 2681 cogitavit.
1906 2598 2060 2662 Hoc
2107 2620 2242 2663 non
2289 2598 2611 2676 Platonis,
2663 2598 2780 2661 sed
2827 2598 3044 2662 imita-

318 2707 481 2769 toris
529 2711 647 2768 est.

532 2812 765 2895 Neque
832 2810 1110 2875 Platone
1178 2811 1447 2893 dignum
1514 2834 1653 2875 esse
1723 2820 2050 2893 putamuS,
2119 2811 2448 2895 quomodo
2515 2812 2798 2893 scriptor
2860 2812 3042 2877 illam

316 2920 729 2996 sententiam,
782 2939 976 3000 quam
1023 2939 1225 2999 supra
1271 2940 1351 2981 ex
1396 2917 1597 3000 IRgg.
1647 2916 1685 2981 l.
1724 2918 1876 2981 XII
1915 2915 2134 2983 959A
2171 2926 2501 2999 sumptam
2549 2938 2690 2983 esse
2739 2918 3042 2995 diximuS,

320 3027 652 3090 1101010010
680 3046 820 3089 esse
850 3025 1159 3103 animum,
1192 3025 1640 3089 demonstrare
1672 3024 2017 3089 studuerit.
2051 3024 2370 3089 Conferas
2401 3044 2644 3107 quaeso
2675 3024 3040 3103 Platonem,

319 3140 393 3195 ut
456 3131 758 3195 brevibus
807 3130 1093 3213 quidem,
1162 3131 1276 3196 sed
1334 3132 1733 3213 gravissimis
1792 3131 2006 3195 verbis
2059 3130 2242 3195 illam
2289 3131 2683 3195 sententiam
2732 3131 3041 3213 proferat,

318 3262 465 3303 cum
531 3240 605 3317 is,
674 3238 783 3321 qui
832 3235 1252 3302 Alcibiadem
1316 3238 1595 3321 scripsit,
1664 3260 1721 3321 p.
1775 3237 1980 3303 1290
2048 3258 2228 3320 seqq.
2287 3238 2569 3320 primum
2635 3239 3041 3319 argumentis

316 3344 701 3427 comprobet
745 3366 911 3422 eum,
964 3346 1077 3425 qui
1122 3344 1374 3427 aliquid
1421 3345 1647 3423 faciat,
1706 3344 2034 3409 diversum
2091 3366 2230 3409 esse
2280 3367 2320 3409 a
2365 3366 2456 3423 re,
2509 3366 2640 3427 qua
2685 3344 2753 3408 id
2801 3345 3038 3409 faciat:

315 3455 410 3517 ita
455 3459 741 3516 sutorem
791 3452 1132 3535 (animum)
1181 3452 1505 3515 diversum
1554 3474 1691 3515 esse
1742 3474 1782 3515 a
1831 3452 2089 3534 scalpro
2135 3452 2468 3535 (homine).
2517 3450 2728 3515 Nobis
2778 3452 3044 3535 quidem

316 3560 419 3623 hic
465 3559 649 3623 locus
694 3558 995 3622 Platonis
1041 3557 1155 3622 illo
1202 3558 1425 3639 lepore
1475 3579 1701 3623 carere
1750 3558 2033 3637 videtur;
2083 3579 2292 3641 neque
2342 3558 2514 3623 hunc
2558 3558 2628 3623 in
2673 3565 2810 3622 tam
2858 3558 3044 3641 gravi

317 3689 385 3729 re.
432 3665 553 3729 tali
600 3665 897 3747 exemplo
945 3687 1214 3729 usurum
1258 3665 1463 3728 fuisse
1514 3666 1876 3748 opinamur.
1927 3664 2061 3729 Sed
2110 3666 2422 3748 quoniam
2468 3664 2684 3729 locum
2721 3666 3039 3743 novimus,

315 3796 395 3838 ex
433 3794 562 3855 quo
602 3761 976 3836 Alcibiadis
1015 3772 1299 3853 sciiptor
1342 3771 1579 3849 hausit,
1630 3772 1830 3835 facile
1877 3771 2068 3836 nobis
2105 3770 2323 3836 videre
2361 3771 2534 3851 licet,
2586 3771 2744 3853 quid
2782 3772 3042 3837 intersit

314 3880 485 3943 inter
537 3878 841 3942 Platonis
905 3877 1085 3941 illam
1155 3877 1550 3958 elegantiam
1608 3884 1675 3941 et
1730 3900 1996 3943 manum
2051 3878 2418 3955 imitatoris,
2481 3877 2612 3960 qui,
2684 3878 3042 3960 quodcum-

316 4008 440 4067 que
490 3985 724 4068 potuit,
772 3985 839 4048 in
889 3984 1224 4065 dialogum
1270 3985 1551 4047 intrusit.

530 4091 665 4155 Sed
712 4112 909 4153 unum
957 4090 1117 4153 101111
1165 4111 1409 4169 010008,
1463 4092 1573 4173 qui
1619 4091 1796 4155 hunc
1846 4090 2180 4173 dialogum
2225 4095 2696 4169 tractaverunt,
2747 4091 3040 4155 omisisse

314 4206 376 4261 et
425 4197 789 4281 neglexisse
836 4196 1167 4260 videntur:
1215 4195 1397 4260 illam
1447 4196 1528 4260 de
1576 4218 1827 4289 summo
1874 4197 2050 4261 bono
2101 4197 2469 4261 doctrinam
2526 4196 2849 4260 diversam
2897 4217 3037 4263 esse

528 4374 545 4408 ¹
583 4376 619 4429 ὁ
657 4374 729 4429 ὁέ
764 4376 1268 4443 σωφρονέστατος
1300 4373 1439 4443 μηδ’
1480 4374 1597 4429 ὑπὸ
1631 4384 1773 4443 μιᾶς
1811 4376 2095 4444 ἄρχεσθαι
2133 4381 2254 4427 τῶν
2287 4372 2544 4441 ἡὸονῶν,
2593 4372 2668 4427 ἵν’
2708 4374 3040 4443 ἐλεύθερος

308 4464 457 4519 εἶναι
488 4466 745 4533 ἐθίζηται
774 4464 869 4517 καὶ
899 4467 1094 4531 ὄντως
1126 4464 1429 4533 βασιλεὺς,
1466 4466 1666 4532 ἅρχων
1694 4471 1940 4531 πρῶτον
1969 4470 2089 4517 τῶν
2117 4464 2187 4517 ἐν
2217 4464 2394 4531 αὐτῷ,
2423 4463 2579 4515 ἀλλὰ
2601 4462 2682 4529 μὴ
2713 4460 3037 4517 δουλεύων.

527 4569 547 4603 ²
584 4568 677 4622 Ita
714 4570 883 4622 etiam
920 4570 981 4621 in
1019 4568 1333 4637 Charmide,
1374 4569 1469 4621 ubi
1507 4569 1576 4621 de
1616 4568 1892 4621 modestia
1929 4568 2100 4621 verba
2130 4566 2272 4621 fiunt
2301 4574 2357 4620 et
2387 4572 2654 4635 quattuor
2681 4566 3036 4621 definitiones

312 4657 785 4725 reiciuntur;.sed
825 4662 1100 4725 quartam,
1138 4657 1470 4711 modestiam
1511 4676 1627 4709 esse
1670 4676 1723 4709 se.
1766 4659 1948 4731 ipsum
1985 4674 2232 4723 noscere,
2273 4656 2494 4709 Socrati
2534 4658 2775 4711 maxime
2814 4658 3034 4726 placere

314 4748 479 4801 facilc
518 4756 575 4800 et
613 4746 912 4800 manifesto
953 4747 1104 4799 cerni
1142 4752 1344 4814 potest.

416 4870 791 4913 Disce-nationes
819 4871 937 4923 phil.
959 4870 1167 4912 vindob.
1200 4872 1329 4913 vlu.
2824 4855 2856 4905 3
