3567 5109
1627 291 2105 355 -178—

712 482 794 543 In
860 487 1116 544 saturis
1179 484 1394 562 igitur
1457 483 1811 546 Iuvenalis
1873 485 2211 546 nonnulla
2277 490 2550 548 exstant
2616 483 2848 564 verba,
2916 503 3096 565 quae
3149 489 3221 548 in

512 584 874 648 rhetorum
919 585 1180 649 scholis
1225 588 1298 650 in
1343 603 1477 650 usu
1525 594 1740 652 erant,
1787 591 1972 652 Haec
2014 592 2212 652 sunt:
2258 583 2448 666 color,
2486 607 2685 672 genus
2731 608 2985 665 causae,
3024 605 3225 672 qenus

506 685 782 766 dicendi,
871 688 1287 774 enthymema,
1380 688 1755 775 ext-emplum,
1846 690 2177 770 historiae,
2254 687 2394 770 loci,
2460 689 2887 776 principium,
2977 713 3222 755 samma

506 794 812 874 quaestiO,
867 795 1199 873 sententia,
1251 792 1665 860 soloecismus.
1730 798 1959 878 Atque
1990 799 2282 878 incipiat
2314 798 2714 878 disquisitio
2746 817 2785 862 a
2818 803 3097 861 saturae
3130 797 3221 860 VI

504 899 826 963 versibus
877 907 1000 962 448
1050 909 1116 964 et
1163 919 1364 981 seqq:

592 1035 773 1116 (Now
809 1037 1036 1102 habeat
1066 1043 1392 1122 πιαίνωια)
1427 1094 1438 1104 .
1471 1092 1486 1106 .
1521 1093 1534 1105 .
1584 1038 1845 1104 dicendi
1884 1062 2083 1124 yeozus
2127 1049 2245 1106 aut
2293 1061 2562 1104 curvum
2606 1062 2885 1104 sermone
2928 1048 3133 1104 rotato

589 1151 882 1226 torqueat
927 1143 1387 1228 enthymema
1432 1166 1562 1208 nec
1606 1141 1990 1208 historias
2032 1145 2234 1209 sciat
2279 1167 2543 1224 omnes,

586 1246 699 1309 sed
743 1246 1056 1331 quaedam
1110 1269 1191 1311 ea*
1258 1248 1446 1312 libris
1507 1257 1567 1311 et
1623 1270 1746 1312 non
1810 1247 2135 1334 intelleyat
2165 1302 2178 1316 .
2216 1303 2227 1316 .
2264 1300 2278 1315 .

707 1392 852 1452 Hoc
902 1390 1057 1453 loco
1103 1389 1458 1453 Iuvenalis
1502 1390 1720 1453 verbo
1783 1388 2179 1474 enthymema
2243 1391 2482 1454 utitur.
2542 1391 3032 1468 Quintilianus,
3098 1393 3218 1472 qui

501 1496 633 1557 hoc
684 1496 768 1558 de
816 1496 1058 1574 verb0‚
1127 1495 1297 1574 quid
1329 1501 1602 1558 veteres
1633 1497 1958 1559 rhetores
2000 1497 2476 1574 iudicaverint,
2509 1497 2902 1560 accuratius
2934 1499 3221 1578 exponit

499 1600 666 1664 Inst.
701 1619 800 1663 or.
835 1601 888 1664 V
929 1607 1006 1660 10
1054 1607 1122 1662 et
1169 1600 1354 1678 alibi,
1399 1601 1554 1664 loco
1602 1601 1811 1664 allato
1870 1601 2179 1680 Latinos,
2216 1600 2428 1682 *quod
2486 1602 2575 1664 ad
2624 1608 2933 1664 nostram
2982 1603 3217 1682 dispu-

500 1706 828 1768 tationem
903 1704 1328 1788 permultum
1404 1705 1609 1782 valet,
1699 1703 2091 1788 enthymema
2166 1705 2455 1770 vocibus
2542 1724 2575 1770 e
2660 1705 2901 1786 lingua
2974 1707 3217 1770 Latina

499 1810 736 1890 petitis
798 1810 1244 1891 interpretari
1308 1828 1518 1890 posse
1584 1811 1772 1888 dicit,
1838 1811 1962 1874 sed
2018 1815 2165 1874 eius
2214 1810 2404 1874 modi
2450 1810 3093 1891 interpretationem
3140 1829 3216 1876 se

495 1918 802 1996 accipere
835 1921 1040 1994 negat
1069 1914 1182 1977 his
1214 1913 1450 1978 verbis
1481 1932 1651 1977 usus
1684 1915 1740 1978 V
1777 1921 1877 1988 10,
1926 1923 1954 1975 1
1996 1913 2389 1997 enthymema
2421 1911 2619 1996 (quod
2650 1933 2763 1975 nos
2806 1923 3211 1976 commentum

495 2037 646 2080 sane
676 2026 792 2080 aut
833 2018 1408 2080 commentationem
1438 2017 1953 2101 interpretemur,
1998 2016 2153 2100 quia
2190 2016 2389 2080 aliter
2419 2037 2545 2080 non
2570 2031 2919 2101 possamus,
2970 2015 3216 2084 Graeco

493 2120 718 2184 melius
748 2121 934 2186 usuri
964 2171 980 2190 .
1015 2175 1026 2188 .
1062 2126 1122 2205 .).
1155 2123 1504 2188 Iuvenalis
1539 2123 1755 2203 igitur
1787 2142 1941 2186 cum
1975 2125 2552 2206 interpretatione
2573 2125 2813 2188 Latina
2848 2126 3215 2206 repudiata

495 2231 586 2292 ita
651 2235 728 2291 ut
803 2229 1274 2301 Quintilianus
1321 2228 1613 2292 verbum
1683 2227 2024 2292 Graecum
2092 2228 2509 2308 adhibuerit,
2575 2230 2734 2293 huic
2800 2230 3212 2294 adsentitur.

497 2335 840 2397 Rhetores
889 2339 1121 2396 autem
1170 2334 1397 2396 Latini
1443 2333 1562 2414 qui
1612 2339 1969 2412 vocantur,
2015 2353 2143 2417 pro
2192 2334 2410 2397 verbo
2460 2332 2850 2416 enthymema
2896 2335 3213 2399 Latinam

497 2457 736 2501 vocem
786 2435 1172 2500 eontrarium
1217 2438 1685 2501 adhibuerunt
1698 2458 1714 2515 ;
1767 2438 1948 2504 conf.
1994 2438 2225 2511 Quint.
2273 2442 2316 2501 1.
2350 2458 2402 2502 s.
2447 2457 2498 2504 s,
2533 2434 2876 2522 pluresque
2922 2437 3214 2502 invenias

497 2545 562 2606 iu
615 2564 688 2604 ea
746 2541 1070 2626 opinione,
1127 2549 1200 2604 ut
1262 2540 1332 2603 id
1391 2540 1654 2612 demum,
1718 2540 1883 2624 quod
1937 2564 2155 2628 puy‘na
2218 2551 2484 2621 constat,
2547 2541 2939 2626 enthymema
2996 2545 3216 2630 acc-epi

503 2647 700 2709 velint
747 2657 802 2710 et
847 2646 988 2708 ideo
1035 2644 1204 2710 illud
1257 2645 1642 2728 Cornificius
1690 2647 2087 2709 emm-arium
2132 2645 2438 2732 appellat.
2488 2649 2587 2710 Re
2630 2667 2792 2711 vera
2838 2656 3080 2712 auctor
3124 2650 3212 2712 ad

495 2756 919 2818 Herennium
979 2754 1099 2817 illo
1149 2755 1430 2817 nomine
1479 2773 1617 2817 non
1665 2756 1903 2830 utitur,
1970 2754 2094 2816 sed
2161 2755 2245 2816 de
2294 2751 2613 2814 contrario
2679 2753 2832 2816 solo
2902 2753 3211 2834 disputat

495 2859 586 2920 IV
641 2866 738 2921 18.

701 2961 780 3024 In
830 2963 1093 3026 eisdem
1156 2963 1295 3025 illis
1341 2964 1658 3026 versibus
1715 2963 1973 3046 legitur
2024 2981 2164 3026 vox
2214 2958 2514 3022 historiae
2562 2979 2647 3024 ex
2698 2980 3019 3025 sermone
3062 2966 3210 3025 rhe-

492 3067 716 3129 torico
763 3075 1058 3148 sumpta,
1106 3084 1239 3146 qua
1272 3067 1614 3147 quidquid
1650 3068 1736 3130 ad
1769 3086 1982 3147 opera
2014 3067 2433 3147 scriptorum
2467 3073 2537 3129 et
2568 3069 2839 3130 solutae
2873 3068 3208 3130 orationis

492 3180 557 3232 et
604 3172 912 3233 numeris
961 3171 1330 3234 adstrictae
1377 3172 1787 3252 explicanda
1836 3174 2224 3250 pertineret,
2273 3171 2611 3234 contineri
2648 3171 3207 3255 Friedlaender¹)

491 3276 837 3356 exposuit3
903 3295 1058 3340 cum
1105 3277 1294 3338 idem
1341 3278 1450 3338 vir
1505 3275 1957 3346 doctissimus
2033 3277 2183 3339 eius
2247 3275 2437 3338 modi
2501 3275 2955 3339 historiarum
3018 3294 3209 3340 enar-

493 3383 794 3442 rat-iones
849 3381 917 3443 in
976 3368 1587 3460 grammaticorum
1651 3382 1833 3445 ludis
1900 3385 2195 3444 maxime
2260 3381 2475 3444 fuisse
2522 3381 2593 3442 in
2641 3399 2771 3446 usu
2836 3384 3208 3458 monuerit,

490 3477 986 3556 Quintilianum
1055 3488 1180 3547 hac
1229 3487 1316 3548 de
1383 3505 1458 3548 re
1505 3487 1697 3565 loqui
1746 3487 2004 3548 nemini
2051 3489 2303 3548 mirum
2350 3503 2503 3547 esse
2552 3489 2804 3566 potest,
2854 3485 2973 3566 qui
3024 3486 3204 3548 hunc

487 3592 844 3653 rhetorem
861 3589 910 3666 2)
981 3590 1065 3652 de
1112 3592 1338 3669 prima
1384 3591 1823 3655 institutione
1879 3591 2211 3653 nonnulla
2259 3590 2516 3651 afferre
2562 3589 2903 3652 memoria
2952 3595 3203 3652 teneat.

487 3697 610 3756 His
685 3713 769 3756 ex
847 3693 1018 3756 locis
1082 3695 1253 3758 Inst.
1317 3714 1418 3758 or.
1482 3696 1515 3757 I
1584 3697 1640 3768 8,
1712 3673 1788 3756 1‘8
1858 3714 2007 3775 sqq.
2070 3695 2157 3757 ad
2220 3694 2510 3756 verbum
2573 3692 2989 3770 describam,
3049 3710 3204 3757 cum

488 3798 810 3861 Iuvenale
843 3806 1143 3877 optante,
1175 3818 1260 3862 ne
1293 3801 1543 3862 mulier
1575 3817 1819 3862 omnes
1854 3801 2200 3876 historias,
2248 3816 2425 3878 quae
2470 3798 2670 3861 libris
2702 3800 3208 3874 contineantur,

485 3905 677 3979 sciat,
741 3902 956 3964 verba
1026 3905 1437 3976 Quintiliani
1495 3905 1678 3985 idem
1734 3905 2157 3986 postulantis
2215 3905 2305 3968 ad
2350 3904 2749 3967 Iuvenalem
2797 3901 3204 3974 Quintiliani

487 4008 894 4088 disciplinae
927 4009 1429 4073 vindicandum
1475 4010 1739 4090 aliquid
1771 4013 2064 4073 valeant.
2096 4009 2320 4071 Verba
2354 4009 2527 4070 haec
2558 4012 2755 4070 sunt:
2798 4003 2921 4066 His
2952 4003 3203 4068 accedet

486 4109 818 4174 enarratio
875 4108 1318 4192 historiarum,
1373 4111 1646 4197 diIiymw
1689 4111 1944 4195 quidem
1989 4110 2132 4191 illa,
2186 4131 2308 4174 non
2358 4119 2561 4172 tamen
2607 4129 2802 4192 usque
2857 4107 2945 4171 ad
2986 4130 3205 4192 super-

493 4237 762 4280 vacuum.
825 4212 1102 4278 laborem
1152 4227 1505 4302 occupata:
1571 4239 1721 4292 nam
1783 4224 2077 4300 rec-eptas
2136 4224 2251 4278 aut
2320 4224 2483 4278 certo
2560 4211 2757 4276 cha-is
2830 4213 3203 4277 auctoribus

485 4330 864 4386 memoratas
937 4323 1300 4406 eaeposw'sse
1359 4323 1515 4385 satis
1577 4333 1671 4386 est
1705 4370 2049 4392 ........
2107 4343 2183 4384 coe
2234 4341 2355 4402 quo
2410 4317 2567 4382 »nre'hi
2610 4318 2815 4380 inter
2866 4321 3202 4386 ‘virtutes

480 4425 967 4512 yrammatici
1032 4427 1431 4490 habebitur
1491 4427 1760 4510 al‘e'qua
1830 4425 2134 4493 nescire,
2192 4428 2447 4505 Neque,
2515 4426 2705 4504 quod
2753 4429 3199 4504 memoretur,

698 4625 736 4682 ¹)
775 4623 855 4673 De
893 4619 1260 4673 historiarum
1308 4623 1672 4672 enarratione
1723 4621 1781 4669 in
1830 4621 1981 4670 ludis
2014 4591 2425 4680 grammaticis.
2472 4615 2590 4666 Iud.
2640 4618 2750 4666 lect.
2790 4613 2955 4667 Acad.
3001 4614 3199 4681 Regem.

489 4715 638 4778 1874,
676 4711 752 4762 11.

693 4801 732 4859 2)
773 4800 907 4850 lust.
945 4812 1025 4848 or.
1067 4799 1093 4847 1
1131 4799 1180 4864 2,
1223 4800 1285 4845 14
1323 4801 1378 4845 et
1421 4799 1496 4846 18.
