<?xml version="1.0" encoding="UTF-8"?>
<!DOCTYPE html PUBLIC "-//W3C//DTD XHTML 1.0 Transitional//EN"
    "http://www.w3.org/TR/xhtml1/DTD/xhtml1-transitional.dtd">
<html xmlns="http://www.w3.org/1999/xhtml" xml:lang="en" lang="en">
 <head>
  <title>
</title>
<meta http-equiv="Content-Type" content="text/html;charset=utf-8" />
  <meta name='ocr-system' content='tesseract 3.04.00' />
  <meta name='ocr-capabilities' content='ocr_page ocr_carea ocr_par ocr_line ocrx_word'/>
</head>
<body>
  <div class='ocr_page' id='page_1' title='image "./dissertationesp09wiengoog_0270.png"; bbox 0 0 3567 5109; ppageno 0'>
   <div class='ocr_carea' id='block_1_1' title="bbox 1643 194 2085 257">
    <p class='ocr_par' dir='ltr' id='par_1_1' title="bbox 1643 194 2085 257">
     <span class='ocr_line' id='line_1_1' title="bbox 1643 194 2085 257; baseline 0 -18"><span class='ocrx_word' id='word_1_1' title='bbox 1643 194 2085 257; x_wconf 40' lang='lat'><strong>*56*</strong></span> 
     </span>
    </p>
   </div>
   <div class='ocr_carea' id='block_1_2' title="bbox 498 403 3278 1110">
    <p class='ocr_par' dir='ltr' id='par_1_2' title="bbox 498 403 3278 1110">
     <span class='ocr_line' id='line_1_2' title="bbox 714 403 3274 488; baseline 0 -19"><span class='ocrx_word' id='word_1_2' title='bbox 714 404 889 469; x_wconf 83' lang='lat' dir='ltr'><strong>Sane</strong></span> <span class='ocrx_word' id='word_1_3' title='bbox 928 403 1301 470; x_wconf 81' lang='lat' dir='ltr'><strong>Alcibiadis</strong></span> <span class='ocrx_word' id='word_1_4' title='bbox 1348 406 1633 488; x_wconf 84' lang='lat' dir='ltr'><strong>scriptor</strong></span> <span class='ocrx_word' id='word_1_5' title='bbox 1676 427 1810 470; x_wconf 89' lang='lat' dir='ltr'><strong>non</strong></span> <span class='ocrx_word' id='word_1_6' title='bbox 1859 426 2086 470; x_wconf 87' lang='lat' dir='ltr'><strong>omnes</strong></span> <span class='ocrx_word' id='word_1_7' title='bbox 2133 406 2329 470; x_wconf 91' lang='lat' dir='ltr'><strong>huius</strong></span> <span class='ocrx_word' id='word_1_8' title='bbox 2367 404 2742 471; x_wconf 82' lang='lat' dir='ltr'><strong>Charmidis</strong></span> <span class='ocrx_word' id='word_1_9' title='bbox 2787 405 2916 470; x_wconf 90' lang='lat' dir='ltr'><strong>loci</strong></span> <span class='ocrx_word' id='word_1_10' title='bbox 2963 412 3274 471; x_wconf 81' lang='lat' dir='ltr'><strong>senten-</strong></span> 
     </span>
     <span class='ocr_line' id='line_1_3' title="bbox 500 510 3278 597; baseline 0.001 -23"><span class='ocrx_word' id='word_1_11' title='bbox 500 513 631 575; x_wconf 78' lang='lat' dir='ltr'><strong>tias</strong></span> <span class='ocrx_word' id='word_1_12' title='bbox 668 511 738 575; x_wconf 89' lang='lat' dir='ltr'><strong>in</strong></span> <span class='ocrx_word' id='word_1_13' title='bbox 778 510 1115 594; x_wconf 83' lang='lat' dir='ltr'><strong>dialogum</strong></span> <span class='ocrx_word' id='word_1_14' title='bbox 1154 534 1343 577; x_wconf 89' lang='lat' dir='ltr'><strong>suum</strong></span> <span class='ocrx_word' id='word_1_15' title='bbox 1380 514 1650 596; x_wconf 88' lang='lat' dir='ltr'><strong>recepit.</strong></span> <span class='ocrx_word' id='word_1_16' title='bbox 1718 512 2042 577; x_wconf 79' lang='lat' dir='ltr'><strong>Attamen</strong></span> <span class='ocrx_word' id='word_1_17' title='bbox 2081 534 2163 576; x_wconf 85' lang='lat' dir='ltr'><strong>ex</strong></span> <span class='ocrx_word' id='word_1_18' title='bbox 2198 513 2300 591; x_wconf 81' lang='lat' dir='ltr'><strong>iis,</strong></span> <span class='ocrx_word' id='word_1_19' title='bbox 2341 534 2504 595; x_wconf 88' lang='lat' dir='ltr'><strong>quas</strong></span> <span class='ocrx_word' id='word_1_20' title='bbox 2543 512 2784 592; x_wconf 86' lang='lat' dir='ltr'><strong>attulit,</strong></span> <span class='ocrx_word' id='word_1_21' title='bbox 2825 534 3278 597; x_wconf 78' lang='lat' dir='ltr'><strong>cognoscere.</strong></span> 
     </span>
     <span class='ocr_line' id='line_1_4' title="bbox 499 618 3268 705; baseline 0.001 -25"><span class='ocrx_word' id='word_1_22' title='bbox 499 640 849 701; x_wconf 85' lang='lat' dir='ltr'><strong>possumus</strong></span> <span class='ocrx_word' id='word_1_23' title='bbox 896 618 1175 683; x_wconf 87' lang='lat' dir='ltr'><strong>alterum</strong></span> <span class='ocrx_word' id='word_1_24' title='bbox 1220 619 1437 683; x_wconf 89' lang='lat' dir='ltr'><strong>locum</strong></span> <span class='ocrx_word' id='word_1_25' title='bbox 1484 642 1567 684; x_wconf 84' lang='lat' dir='ltr'><strong>ex</strong></span> <span class='ocrx_word' id='word_1_26' title='bbox 1611 618 1821 684; x_wconf 87' lang='lat' dir='ltr'><strong>altero</strong></span> <span class='ocrx_word' id='word_1_27' title='bbox 1865 621 2174 703; x_wconf 86' lang='lat' dir='ltr'><strong>pendere.</strong></span> <span class='ocrx_word' id='word_1_28' title='bbox 2267 620 2614 703; x_wconf 78' lang='lat' dir='ltr'><strong>Nusquam</strong></span> <span class='ocrx_word' id='word_1_29' title='bbox 2662 622 2856 699; x_wconf 89' lang='lat' dir='ltr'><strong>enim,</strong></span> <span class='ocrx_word' id='word_1_30' title='bbox 2905 628 3268 705; x_wconf 70' lang='lat' dir='ltr'><strong>quantun.</strong></span> 
     </span>
     <span class='ocr_line' id='line_1_5' title="bbox 501 724 3266 811; baseline 0.001 -23"><span class='ocrx_word' id='word_1_31' title='bbox 501 726 761 803; x_wconf 85' lang='lat' dir='ltr'><strong>scimus,</strong></span> <span class='ocrx_word' id='word_1_32' title='bbox 808 732 946 789; x_wconf 85' lang='lat' dir='ltr'><strong>tam</strong></span> <span class='ocrx_word' id='word_1_33' title='bbox 993 734 1221 809; x_wconf 85' lang='lat' dir='ltr'><strong>aperte</strong></span> <span class='ocrx_word' id='word_1_34' title='bbox 1256 724 1423 791; x_wconf 88' lang='lat' dir='ltr'><strong>illud</strong></span> <span class='ocrx_word' id='word_1_35' title='bbox 1462 730 1667 809; x_wconf 70' lang='grc' dir='ltr'><em>γνῶθι</em></span> <span class='ocrx_word' id='word_1_36' title='bbox 1704 729 1936 793; x_wconf 84' lang='grc' dir='ltr'><em>σαυτὸν</em></span> <span class='ocrx_word' id='word_1_37' title='bbox 1971 727 2220 809; x_wconf 88' lang='lat' dir='ltr'><strong>templo</strong></span> <span class='ocrx_word' id='word_1_38' title='bbox 2257 726 2588 809; x_wconf 87' lang='lat' dir='ltr'><strong>Delphico</strong></span> <span class='ocrx_word' id='word_1_39' title='bbox 2624 729 3014 811; x_wconf 87' lang='lat' dir='ltr'><strong>inscriptum</strong></span> <span class='ocrx_word' id='word_1_40' title='bbox 3053 728 3266 792; x_wconf 81' lang='lat' dir='ltr'><strong>iden</strong></span> 
     </span>
     <span class='ocr_line' id='line_1_6' title="bbox 502 832 3264 919; baseline 0 -25"><span class='ocrx_word' id='word_1_41' title='bbox 502 853 643 895; x_wconf 83' lang='lat' dir='ltr'><strong>esse</strong></span> <span class='ocrx_word' id='word_1_42' title='bbox 692 832 937 896; x_wconf 89' lang='lat' dir='ltr'><strong>dicitur</strong></span> <span class='ocrx_word' id='word_1_43' title='bbox 982 855 1061 897; x_wconf 87' lang='lat' dir='ltr'><strong>ac</strong></span> <span class='ocrx_word' id='word_1_44' title='bbox 1108 836 1428 917; x_wconf 82' lang='grc' dir='ltr'><em>σωφρόνει</em></span> <span class='ocrx_word' id='word_1_45' title='bbox 1475 856 1671 917; x_wconf 88' lang='lat' dir='ltr'><strong>quam</strong></span> <span class='ocrx_word' id='word_1_46' title='bbox 1718 834 1824 898; x_wconf 86' lang='lat' dir='ltr'><strong>his</strong></span> <span class='ocrx_word' id='word_1_47' title='bbox 1869 834 2086 898; x_wconf 82' lang='lat' dir='ltr'><strong>locis.1</strong></span> <span class='ocrx_word' id='word_1_48' title='bbox 2177 833 2478 913; x_wconf 79' lang='lat' dir='ltr'>Accedit,</span> <span class='ocrx_word' id='word_1_49' title='bbox 2527 835 2704 919; x_wconf 90' lang='lat' dir='ltr'><strong>quod</strong></span> <span class='ocrx_word' id='word_1_50' title='bbox 2753 842 3032 918; x_wconf 89' lang='lat' dir='ltr'><strong>utroque</strong></span> <span class='ocrx_word' id='word_1_51' title='bbox 3091 836 3264 900; x_wconf 75' lang='lat' dir='ltr'><strong>loco</strong></span> 
     </span>
     <span class='ocr_line' id='line_1_7' title="bbox 498 939 3270 1025; baseline 0.001 -23"><span class='ocrx_word' id='word_1_52' title='bbox 498 939 617 1003; x_wconf 84' lang='lat' dir='ltr'><strong>illa</strong></span> <span class='ocrx_word' id='word_1_53' title='bbox 664 941 901 1004; x_wconf 82' lang='lat' dir='ltr'><strong>virtute</strong></span> <span class='ocrx_word' id='word_1_54' title='bbox 952 941 1287 1022; x_wconf 86' lang='lat' dir='ltr'><strong>praeditos</strong></span> <span class='ocrx_word' id='word_1_55' title='bbox 1345 962 1739 1025; x_wconf 79' lang='lat' dir='ltr'><strong>cognoscere</strong></span> <span class='ocrx_word' id='word_1_56' title='bbox 1796 962 1920 1006; x_wconf 86' lang='lat' dir='ltr'><strong>nos</strong></span> <span class='ocrx_word' id='word_1_57' title='bbox 1977 962 2170 1023; x_wconf 88' lang='lat' dir='ltr'><strong>posse</strong></span> <span class='ocrx_word' id='word_1_58' title='bbox 2228 942 2489 1019; x_wconf 89' lang='lat' dir='ltr'><strong>dicitur,</strong></span> <span class='ocrx_word' id='word_1_59' title='bbox 2549 943 2707 1025; x_wconf 89' lang='lat' dir='ltr'><strong>quid</strong></span> <span class='ocrx_word' id='word_1_60' title='bbox 2750 942 3018 1022; x_wconf 89' lang='lat' dir='ltr'><strong>bonum,</strong></span> <span class='ocrx_word' id='word_1_61' title='bbox 3073 942 3270 1025; x_wconf 79' lang='lat' dir='ltr'><strong>quid</strong></span> 
     </span>
     <span class='ocr_line' id='line_1_8' title="bbox 501 1046 911 1110; baseline 0 -1"><span class='ocrx_word' id='word_1_62' title='bbox 501 1046 745 1110; x_wconf 86' lang='lat' dir='ltr'><strong>malum</strong></span> <span class='ocrx_word' id='word_1_63' title='bbox 792 1048 911 1110; x_wconf 89' lang='lat' dir='ltr'><strong>sit:</strong></span> 
     </span>
    </p>
   </div>
   <div class='ocr_carea' id='block_1_3' title="bbox 496 1206 3271 1634">
    <p class='ocr_par' dir='ltr' id='par_1_3' title="bbox 496 1206 3271 1634">
     <span class='ocr_line' id='line_1_9' title="bbox 644 1206 3271 1279; baseline 0.002 -21"><span class='ocrx_word' id='word_1_64' title='bbox 644 1206 865 1259; x_wconf 86' lang='lat' dir='ltr'><strong>Charm.</strong></span> <span class='ocrx_word' id='word_1_65' title='bbox 910 1208 1100 1260; x_wconf 84' lang='lat' dir='ltr'>174D:</span> <span class='ocrx_word' id='word_1_66' title='bbox 1164 1209 1277 1279; x_wconf 84' lang='grc' dir='ltr'><strong>Οὐχ</strong></span> <span class='ocrx_word' id='word_1_67' title='bbox 1322 1212 1463 1277; x_wconf 81' lang='grc' dir='ltr'><em>αὓτη</em></span> <span class='ocrx_word' id='word_1_68' title='bbox 1504 1207 1573 1263; x_wconf 85' lang='grc' dir='ltr'><em>ὀὲ</em></span> <span class='ocrx_word' id='word_1_69' title='bbox 1610 1226 1702 1278; x_wconf 69' lang='grc' dir='ltr'><strong>γε,</strong></span> <span class='ocrx_word' id='word_1_70' title='bbox 1748 1210 1868 1278; x_wconf 74' lang='grc' dir='ltr'><strong>ὡςι</strong></span> <span class='ocrx_word' id='word_1_71' title='bbox 2037 1210 2162 1262; x_wconf 83' lang='grc' dir='ltr'><strong>Α16.</strong></span> <span class='ocrx_word' id='word_1_72' title='bbox 2189 1208 2372 1263; x_wconf 74' lang='lat'>1330:</span> <span class='ocrx_word' id='word_1_73' title='bbox 2415 1207 2656 1279; x_wconf 82' lang='grc' dir='ltr'><em>Ἇρόὖν</em></span> <span class='ocrx_word' id='word_1_74' title='bbox 2678 1208 2758 1277; x_wconf 76' lang='grc' dir='ltr'><strong>μὴ</strong></span> <span class='ocrx_word' id='word_1_75' title='bbox 2788 1208 3271 1278; x_wconf 64' lang='grc' dir='ltr'><em>γιγνώσκοντες</em></span> 
     </span>
     <span class='ocr_line' id='line_1_10' title="bbox 501 1285 3266 1376; baseline 0.001 -27"><span class='ocrx_word' id='word_1_76' title='bbox 501 1298 716 1361; x_wconf 80' lang='grc' dir='ltr'><em>ἔοικεν,</em></span> <span class='ocrx_word' id='word_1_77' title='bbox 762 1298 923 1351; x_wconf 78' lang='grc' dir='ltr'><em>ἐστὶν</em></span> <span class='ocrx_word' id='word_1_78' title='bbox 958 1298 994 1365; x_wconf 79' lang='grc' dir='ltr'><strong><em>ἡ</em></strong></span> <span class='ocrx_word' id='word_1_79' title='bbox 1034 1300 1487 1367; x_wconf 83' lang='grc' dir='ltr'><strong><em>σωφροσύνη,</em></strong></span> <span class='ocrx_word' id='word_1_80' title='bbox 1535 1296 1608 1368; x_wconf 76' lang='grc' dir='ltr'><strong>ῆς</strong></span> <span class='ocrx_word' id='word_1_81' title='bbox 1652 1300 1838 1366; x_wconf 78' lang='grc' dir='ltr'><em>ἔργον</em></span> <span class='ocrx_word' id='word_1_82' title='bbox 1863 1285 1869 1376; x_wconf 59' lang='grc' dir='ltr'>ξ</span> <span class='ocrx_word' id='word_1_83' title='bbox 1896 1298 2048 1368; x_wconf 76' lang='grc' dir='ltr'><strong>ἡμᾶς</strong></span> <span class='ocrx_word' id='word_1_84' title='bbox 2076 1300 2292 1367; x_wconf 72' lang='grc' dir='ltr'><em>αὐτοὺς</em></span> <span class='ocrx_word' id='word_1_85' title='bbox 2313 1296 2469 1366; x_wconf 78' lang='grc' dir='ltr'><em>μηδὲ</em></span> <span class='ocrx_word' id='word_1_86' title='bbox 2507 1298 2894 1367; x_wconf 76' lang='grc' dir='ltr'><em>σώφρονες</em></span> <span class='ocrx_word' id='word_1_87' title='bbox 2929 1301 3120 1366; x_wconf 77' lang='grc' dir='ltr'><em>ὄντες</em></span> <span class='ocrx_word' id='word_1_88' title='bbox 3153 1296 3266 1351; x_wconf 72' lang='grc' dir='ltr'><strong>ὁν-</strong></span> 
     </span>
     <span class='ocr_line' id='line_1_11' title="bbox 500 1381 3268 1457; baseline 0 -20"><span class='ocrx_word' id='word_1_89' title='bbox 500 1386 663 1438; x_wconf 53' lang='lat' dir='ltr'><strong>§arev</strong></span> <span class='ocrx_word' id='word_1_90' title='bbox 698 1386 766 1439; x_wconf 79' lang='grc' dir='ltr'><strong>τὸ</strong></span> <span class='ocrx_word' id='word_1_91' title='bbox 804 1386 1071 1453; x_wconf 64' lang='grc' dir='ltr'><em>ὠφελεῖν</em></span> <span class='ocrx_word' id='word_1_92' title='bbox 1106 1386 1274 1455; x_wconf 75' lang='grc' dir='ltr'>ἡμᾶς.</span> <span class='ocrx_word' id='word_1_93' title='bbox 1341 1390 1413 1441; x_wconf 87' lang='grc' dir='ltr'><strong>οὐ</strong></span> <span class='ocrx_word' id='word_1_94' title='bbox 1448 1388 1565 1457; x_wconf 80' lang='grc' dir='ltr'><strong>γὰρ</strong></span> <span class='ocrx_word' id='word_1_95' title='bbox 1602 1389 1837 1455; x_wconf 79' lang='grc' dir='ltr'><em>ἐπιστη-</em></span> <span class='ocrx_word' id='word_1_96' title='bbox 1864 1381 1869 1438; x_wconf 81' lang='lat'>!</span> <span class='ocrx_word' id='word_1_97' title='bbox 1893 1386 2130 1455; x_wconf 78' lang='grc' dir='ltr'><strong>·να1μεθ’</strong></span> <span class='ocrx_word' id='word_1_98' title='bbox 2176 1388 2253 1441; x_wconf 76' lang='grc' dir='ltr'><em>ἂν</em></span> <span class='ocrx_word' id='word_1_99' title='bbox 2307 1386 2530 1441; x_wconf 79' lang='grc' dir='ltr'><em>εἰδέναι</em></span> <span class='ocrx_word' id='word_1_100' title='bbox 2585 1387 2657 1439; x_wconf 78' lang='grc' dir='ltr'><strong>τὰ</strong></span> <span class='ocrx_word' id='word_1_101' title='bbox 2711 1386 2970 1454; x_wconf 81' lang='grc' dir='ltr'><em>ἡμέτερα</em></span> <span class='ocrx_word' id='word_1_102' title='bbox 3035 1389 3268 1441; x_wconf 79' lang='grc' dir='ltr'><em>αὐτῶν</em></span> 
     </span>
     <span class='ocr_line' id='line_1_12' title="bbox 496 1445 3270 1545; baseline 0.001 -20"><span class='ocrx_word' id='word_1_103' title='bbox 496 1481 630 1540; x_wconf 73' lang='grc' dir='ltr'><em>μῶν</em></span> <span class='ocrx_word' id='word_1_104' title='bbox 658 1490 723 1527; x_wconf 76' lang='grc' dir='ltr'><strong>τε</strong></span> <span class='ocrx_word' id='word_1_105' title='bbox 752 1476 846 1527; x_wconf 71' lang='grc' dir='ltr'><strong>καὶ</strong></span> <span class='ocrx_word' id='word_1_106' title='bbox 878 1477 1442 1545; x_wconf 78' lang='grc' dir='ltr'><em>ἀνεπιστημοσυνῶν</em></span> <span class='ocrx_word' id='word_1_107' title='bbox 1476 1476 1513 1545; x_wconf 81' lang='grc' dir='ltr'><strong><em>ἡ</em></strong></span> <span class='ocrx_word' id='word_1_108' title='bbox 1551 1475 1838 1545; x_wconf 77' lang='grc' dir='ltr'><strong><em>ἐπιστήμη</em></strong></span> <span class='ocrx_word' id='word_1_109' title='bbox 1864 1445 1869 1540; x_wconf 50' lang='lat' dir='ltr'><strong>i</strong></span> <span class='ocrx_word' id='word_1_110' title='bbox 1895 1478 2048 1530; x_wconf 79' lang='grc' dir='ltr'><em>κακά</em></span> <span class='ocrx_word' id='word_1_111' title='bbox 2084 1492 2150 1530; x_wconf 78' lang='grc' dir='ltr'><strong>τε</strong></span> <span class='ocrx_word' id='word_1_112' title='bbox 2197 1477 2292 1529; x_wconf 80' lang='grc' dir='ltr'><strong>καὶ</strong></span> <span class='ocrx_word' id='word_1_113' title='bbox 2340 1478 2568 1544; x_wconf 54' lang='grc' dir='ltr'>ἀγαθὼ</span> <span class='ocrx_word' id='word_1_114' title='bbox 2625 1475 2734 1528; x_wconf 75' lang='grc' dir='ltr'><strong>Ἀλ.</strong></span> <span class='ocrx_word' id='word_1_115' title='bbox 2747 1496 2764 1529; x_wconf 93' lang='grc'><strong>.·</strong></span> <span class='ocrx_word' id='word_1_116' title='bbox 2811 1476 2928 1529; x_wconf 80' lang='grc' dir='ltr'><strong>Καὶ</strong></span> <span class='ocrx_word' id='word_1_117' title='bbox 2973 1482 3122 1545; x_wconf 76' lang='grc' dir='ltr'><strong>πῶς</strong></span> <span class='ocrx_word' id='word_1_118' title='bbox 3175 1476 3270 1529; x_wconf 78' lang='grc' dir='ltr'><em>ἂν</em></span> 
     </span>
     <span class='ocr_line' id='line_1_13' title="bbox 501 1564 2462 1634; baseline 0.002 -19"><span class='ocrx_word' id='word_1_119' title='bbox 501 1564 681 1629; x_wconf 71' lang='grc' dir='ltr'><em>ἐστίν,</em></span> <span class='ocrx_word' id='word_1_120' title='bbox 716 1564 873 1617; x_wconf 73' lang='grc' dir='ltr'><strong>ἀλλὰ</strong></span> <span class='ocrx_word' id='word_1_121' title='bbox 910 1566 1145 1632; x_wconf 75' lang='grc' dir='ltr'><em>ἀγαθοῦ</em></span> <span class='ocrx_word' id='word_1_122' title='bbox 1181 1582 1247 1618; x_wconf 82' lang='grc' dir='ltr'><strong>τε</strong></span> <span class='ocrx_word' id='word_1_123' title='bbox 1282 1566 1377 1619; x_wconf 69' lang='grc' dir='ltr'><strong>καὶ</strong></span> <span class='ocrx_word' id='word_1_124' title='bbox 1414 1574 1615 1619; x_wconf 80' lang='grc' dir='ltr'><strong><em>κακοῦ.</em></strong></span> <span class='ocrx_word' id='word_1_125' title='bbox 1865 1565 1870 1633; x_wconf 68' lang='grc' dir='ltr'><strong>ξ</strong></span> <span class='ocrx_word' id='word_1_126' title='bbox 1897 1575 2068 1619; x_wconf 81' lang='grc' dir='ltr'><em>τοῦτο</em></span> <span class='ocrx_word' id='word_1_127' title='bbox 2105 1566 2344 1634; x_wconf 81' lang='grc' dir='ltr'><em>γένοιτο</em></span> <span class='ocrx_word' id='word_1_128' title='bbox 2375 1604 2387 1618; x_wconf 93' lang='grc'><strong>.</strong></span> <span class='ocrx_word' id='word_1_129' title='bbox 2420 1605 2431 1618; x_wconf 94' lang='grc'><strong>.</strong></span> <span class='ocrx_word' id='word_1_130' title='bbox 2443 1585 2462 1630; x_wconf 81' lang='lat'><strong>,-</strong></span> 
     </span>
    </p>
   </div>
   <div class='ocr_carea' id='block_1_4' title="bbox 506 1704 3260 4039">
    <p class='ocr_par' dir='ltr' id='par_1_4' title="bbox 506 1704 3260 4039">
     <span class='ocr_line' id='line_1_14' title="bbox 718 1704 3260 1790; baseline -0 -20"><span class='ocrx_word' id='word_1_131' title='bbox 718 1705 907 1771; x_wconf 88' lang='lat' dir='ltr'><strong>Haec</strong></span> <span class='ocrx_word' id='word_1_132' title='bbox 974 1728 1055 1770; x_wconf 84' lang='lat' dir='ltr'><strong>ex</strong></span> <span class='ocrx_word' id='word_1_133' title='bbox 1119 1706 1475 1773; x_wconf 84' lang='lat' dir='ltr'><strong>Charmide</strong></span> <span class='ocrx_word' id='word_1_134' title='bbox 1552 1710 1835 1790; x_wconf 85' lang='lat' dir='ltr'><strong>script-or</strong></span> <span class='ocrx_word' id='word_1_135' title='bbox 1905 1708 2098 1771; x_wconf 88' lang='lat' dir='ltr'><strong>nobis</strong></span> <span class='ocrx_word' id='word_1_136' title='bbox 2172 1708 2464 1772; x_wconf 87' lang='lat' dir='ltr'><strong>lucratus</strong></span> <span class='ocrx_word' id='word_1_137' title='bbox 2539 1728 2682 1771; x_wconf 89' lang='grc'><strong>6886</strong></span> <span class='ocrx_word' id='word_1_138' title='bbox 2749 1706 3026 1771; x_wconf 77' lang='lat' dir='ltr'><strong>videtur.</strong></span> <span class='ocrx_word' id='word_1_139' title='bbox 3127 1704 3260 1770; x_wconf 86' lang='lat' dir='ltr'><strong>Ad</strong></span> 
     </span>
     <span class='ocr_line' id='line_1_15' title="bbox 507 1812 3255 1898; baseline 0 -23"><span class='ocrx_word' id='word_1_140' title='bbox 507 1812 878 1895; x_wconf 81' lang='lat' dir='ltr'><strong>Gorgiam</strong></span> <span class='ocrx_word' id='word_1_141' title='bbox 954 1814 1153 1897; x_wconf 87' lang='lat' dir='ltr'><strong>igitur</strong></span> <span class='ocrx_word' id='word_1_142' title='bbox 1228 1814 1563 1893; x_wconf 73' lang='lat' dir='ltr'><strong>adeamu-S,</strong></span> <span class='ocrx_word' id='word_1_143' title='bbox 1640 1836 1722 1878; x_wconf 82' lang='lat' dir='ltr'><strong>ex</strong></span> <span class='ocrx_word' id='word_1_144' title='bbox 1787 1836 1916 1898; x_wconf 88' lang='lat' dir='ltr'><strong>quo</strong></span> <span class='ocrx_word' id='word_1_145' title='bbox 1983 1836 2200 1897; x_wconf 87' lang='lat' dir='ltr'><strong>supra,</strong></span> <span class='ocrx_word' id='word_1_146' title='bbox 2278 1815 2388 1878; x_wconf 89' lang='lat' dir='ltr'><strong>ubi</strong></span> <span class='ocrx_word' id='word_1_147' title='bbox 2456 1816 2534 1879; x_wconf 90' lang='lat' dir='ltr'><strong>de</strong></span> <span class='ocrx_word' id='word_1_148' title='bbox 2603 1814 2891 1878; x_wconf 90' lang='lat' dir='ltr'><strong>moribus</strong></span> <span class='ocrx_word' id='word_1_149' title='bbox 2955 1812 3255 1878; x_wconf 80' lang='lat' dir='ltr'><strong>Periclis</strong></span> 
     </span>
     <span class='ocr_line' id='line_1_16' title="bbox 507 1919 3254 2004; baseline -0.001 -21"><span class='ocrx_word' id='word_1_150' title='bbox 507 1920 1001 2002; x_wconf 79' lang='lat' dir='ltr'><strong>disputavimus,</strong></span> <span class='ocrx_word' id='word_1_151' title='bbox 1069 1921 1283 1986; x_wconf 87' lang='lat' dir='ltr'><strong>locum</strong></span> <span class='ocrx_word' id='word_1_152' title='bbox 1344 1921 1706 1987; x_wconf 80' lang='lat' dir='ltr'><strong>attulimus,</strong></span> <span class='ocrx_word' id='word_1_153' title='bbox 1804 1920 1937 1985; x_wconf 82' lang='lat' dir='ltr'><strong>Sed</strong></span> <span class='ocrx_word' id='word_1_154' title='bbox 1993 1919 2140 1985; x_wconf 88' lang='lat' dir='ltr'><strong>aliis</strong></span> <span class='ocrx_word' id='word_1_155' title='bbox 2199 1943 2458 2004; x_wconf 89' lang='lat' dir='ltr'><strong>quoque</strong></span> <span class='ocrx_word' id='word_1_156' title='bbox 2515 1920 2711 1985; x_wconf 87' lang='lat' dir='ltr'><strong>huius</strong></span> <span class='ocrx_word' id='word_1_157' title='bbox 2768 1920 3016 2004; x_wconf 85' lang='lat' dir='ltr'><strong>dialogi</strong></span> <span class='ocrx_word' id='word_1_158' title='bbox 3071 1920 3254 1985; x_wconf 77' lang='lat' dir='ltr'><strong>locis</strong></span> 
     </span>
     <span class='ocr_line' id='line_1_17' title="bbox 508 2027 3252 2111; baseline 0.001 -23"><span class='ocrx_word' id='word_1_159' title='bbox 508 2028 789 2110; x_wconf 78' lang='lat' dir='ltr'><strong>scriptor</strong></span> <span class='ocrx_word' id='word_1_160' title='bbox 825 2049 982 2091; x_wconf 89' lang='lat' dir='ltr'><strong>usus</strong></span> <span class='ocrx_word' id='word_1_161' title='bbox 1022 2050 1165 2091; x_wconf 90' lang='grc'><strong>6886</strong></span> <span class='ocrx_word' id='word_1_162' title='bbox 1205 2028 1477 2091; x_wconf 78' lang='lat' dir='ltr'><strong>videtur.</strong></span> <span class='ocrx_word' id='word_1_163' title='bbox 1538 2027 1639 2092; x_wconf 93' lang='lat' dir='ltr'><strong>Ac</strong></span> <span class='ocrx_word' id='word_1_164' title='bbox 1678 2029 1958 2110; x_wconf 88' lang='lat' dir='ltr'><strong>primum</strong></span> <span class='ocrx_word' id='word_1_165' title='bbox 2001 2028 2262 2111; x_wconf 85' lang='lat' dir='ltr'><strong>quidem</strong></span> <span class='ocrx_word' id='word_1_166' title='bbox 2303 2030 2582 2093; x_wconf 85' lang='lat' dir='ltr'><strong>maxime</strong></span> <span class='ocrx_word' id='word_1_167' title='bbox 2621 2034 2723 2092; x_wconf 89' lang='lat' dir='ltr'><strong>est</strong></span> <span class='ocrx_word' id='word_1_168' title='bbox 2761 2028 3014 2105; x_wconf 88' lang='lat' dir='ltr'><strong>mirum,</strong></span> <span class='ocrx_word' id='word_1_169' title='bbox 3056 2028 3252 2110; x_wconf 87' lang='lat' dir='ltr'><strong>quod</strong></span> 
     </span>
     <span class='ocr_line' id='line_1_18' title="bbox 508 2135 3247 2219; baseline -0.001 -20"><span class='ocrx_word' id='word_1_170' title='bbox 508 2138 915 2219; x_wconf 74' lang='grc' dir='ltr'><em>σωφροσύνη,</em></span> <span class='ocrx_word' id='word_1_171' title='bbox 972 2141 1047 2199; x_wconf 91' lang='lat' dir='ltr'><strong>ut</strong></span> <span class='ocrx_word' id='word_1_172' title='bbox 1100 2156 1300 2217; x_wconf 87' lang='lat' dir='ltr'><strong>supra</strong></span> <span class='ocrx_word' id='word_1_173' title='bbox 1358 2136 1747 2214; x_wconf 75' lang='lat' dir='ltr'><strong>monuimuS,</strong></span> <span class='ocrx_word' id='word_1_174' title='bbox 1807 2156 1940 2199; x_wconf 89' lang='lat' dir='ltr'><strong>non</strong></span> <span class='ocrx_word' id='word_1_175' title='bbox 1998 2138 2182 2219; x_wconf 83' lang='grc' dir='ltr'><em>ἀρετή</em></span> <span class='ocrx_word' id='word_1_176' title='bbox 2241 2162 2342 2209; x_wconf 85' lang='grc' dir='ltr'><em>τις,</em></span> <span class='ocrx_word' id='word_1_177' title='bbox 2401 2135 2516 2199; x_wconf 84' lang='grc'><strong>8611</strong></span> <span class='ocrx_word' id='word_1_178' title='bbox 2574 2138 2760 2219; x_wconf 84' lang='grc' dir='ltr'><em>ἀρετή</em></span> <span class='ocrx_word' id='word_1_179' title='bbox 2809 2142 2912 2199; x_wconf 87' lang='lat' dir='ltr'><strong>est</strong></span> <span class='ocrx_word' id='word_1_180' title='bbox 2958 2136 3118 2218; x_wconf 83' lang='lat'>(134</span> <span class='ocrx_word' id='word_1_181' title='bbox 3147 2136 3247 2199; x_wconf 84' lang='lat' dir='ltr'><strong>B:</strong></span> 
     </span>
     <span class='ocr_line' id='line_1_19' title="bbox 510 2240 3248 2326; baseline -0.001 -21"><span class='ocrx_word' id='word_1_182' title='bbox 510 2294 520 2305; x_wconf 93' lang='lat'><strong>.</strong></span> <span class='ocrx_word' id='word_1_183' title='bbox 565 2293 575 2304; x_wconf 93' lang='lat'>.</span> <span class='ocrx_word' id='word_1_184' title='bbox 620 2294 629 2303; x_wconf 96' lang='lat'>.</span> <span class='ocrx_word' id='word_1_185' title='bbox 668 2245 817 2307; x_wconf 80' lang='grc' dir='ltr'><em>ἄνευ</em></span> <span class='ocrx_word' id='word_1_186' title='bbox 866 2245 1118 2326; x_wconf 82' lang='grc' dir='ltr'><em>ἀρετῆς,·</em></span> <span class='ocrx_word' id='word_1_187' title='bbox 1176 2264 1255 2305; x_wconf 82' lang='lat' dir='ltr'><strong>ex</strong></span> <span class='ocrx_word' id='word_1_188' title='bbox 1302 2243 1401 2321; x_wconf 85' lang='lat' dir='ltr'><strong>iis,</strong></span> <span class='ocrx_word' id='word_1_189' title='bbox 1453 2264 1620 2325; x_wconf 88' lang='lat' dir='ltr'><strong>quae</strong></span> <span class='ocrx_word' id='word_1_190' title='bbox 1670 2249 2184 2322; x_wconf 79' lang='lat' dir='ltr'><strong>antecesserunt,</strong></span> <span class='ocrx_word' id='word_1_191' title='bbox 2235 2243 2360 2306; x_wconf 90' lang='lat' dir='ltr'><strong>nisi</strong></span> <span class='ocrx_word' id='word_1_192' title='bbox 2408 2244 2797 2325; x_wconf 75' lang='grc' dir='ltr'><em>σωφροσύνη</em></span> <span class='ocrx_word' id='word_1_193' title='bbox 2847 2240 2979 2306; x_wconf 86' lang='lat' dir='ltr'><strong>alia</strong></span> <span class='ocrx_word' id='word_1_194' title='bbox 3027 2244 3248 2306; x_wconf 80' lang='lat' dir='ltr'><strong>virtus</strong></span> 
     </span>
     <span class='ocr_line' id='line_1_20' title="bbox 512 2347 3250 2434; baseline 0 -23"><span class='ocrx_word' id='word_1_195' title='bbox 512 2350 785 2431; x_wconf 80' lang='lat' dir='ltr'><strong>cogitari</strong></span> <span class='ocrx_word' id='word_1_196' title='bbox 834 2371 965 2413; x_wconf 90' lang='lat' dir='ltr'><strong>non</strong></span> <span class='ocrx_word' id='word_1_197' title='bbox 1015 2352 1279 2433; x_wconf 87' lang='lat' dir='ltr'><strong>potest),</strong></span> <span class='ocrx_word' id='word_1_198' title='bbox 1322 2349 1471 2414; x_wconf 86' lang='lat' dir='ltr'><strong>fons</strong></span> <span class='ocrx_word' id='word_1_199' title='bbox 1510 2358 1846 2432; x_wconf 84' lang='lat' dir='ltr'><strong>tamquam</strong></span> <span class='ocrx_word' id='word_1_200' title='bbox 1887 2355 2252 2434; x_wconf 88' lang='lat' dir='ltr'><strong>ceterarum</strong></span> <span class='ocrx_word' id='word_1_201' title='bbox 2293 2352 2622 2413; x_wconf 84' lang='lat' dir='ltr'><strong>virtutum.</strong></span> <span class='ocrx_word' id='word_1_202' title='bbox 2683 2347 2866 2413; x_wconf 82' lang='lat' dir='ltr'><strong>Talis</strong></span> <span class='ocrx_word' id='word_1_203' title='bbox 2905 2350 3250 2413; x_wconf 81' lang='lat' dir='ltr'><strong>sententia</strong></span> 
     </span>
     <span class='ocr_line' id='line_1_21' title="bbox 510 2455 3244 2540; baseline -0 -21"><span class='ocrx_word' id='word_1_204' title='bbox 510 2456 639 2519; x_wconf 89' lang='lat' dir='ltr'><strong>nisi</strong></span> <span class='ocrx_word' id='word_1_205' title='bbox 695 2478 771 2519; x_wconf 89' lang='lat' dir='ltr'><strong>ex</strong></span> <span class='ocrx_word' id='word_1_206' title='bbox 828 2455 1131 2521; x_wconf 88' lang='lat' dir='ltr'><strong>Platonis</strong></span> <span class='ocrx_word' id='word_1_207' title='bbox 1182 2455 1435 2539; x_wconf 81' lang='lat' dir='ltr'><strong>Gorgia</strong></span> <span class='ocrx_word' id='word_1_208' title='bbox 1491 2458 1645 2539; x_wconf 85' lang='lat'>(507</span> <span class='ocrx_word' id='word_1_209' title='bbox 1664 2456 1745 2540; x_wconf 83' lang='lat' dir='ltr'><strong>C)</strong></span> <span class='ocrx_word' id='word_1_210' title='bbox 1802 2459 1908 2521; x_wconf 80' lang='lat' dir='ltr'><strong>vix</strong></span> <span class='ocrx_word' id='word_1_211' title='bbox 1964 2456 2230 2521; x_wconf 88' lang='lat' dir='ltr'><strong>aliunde</strong></span> <span class='ocrx_word' id='word_1_212' title='bbox 2297 2456 2546 2521; x_wconf 87' lang='lat' dir='ltr'><strong>hauriri</strong></span> <span class='ocrx_word' id='word_1_213' title='bbox 2613 2455 2858 2537; x_wconf 87' lang='lat' dir='ltr'><strong>potuit:</strong></span> <span class='ocrx_word' id='word_1_214' title='bbox 2927 2507 2940 2519; x_wconf 90' lang='lat'><strong>.</strong></span> <span class='ocrx_word' id='word_1_215' title='bbox 2981 2506 2994 2519; x_wconf 90' lang='lat'><strong>.</strong></span> <span class='ocrx_word' id='word_1_216' title='bbox 3031 2457 3244 2536; x_wconf 73' lang='grc' dir='ltr'><em>πολλὴ</em></span> 
     </span>
     <span class='ocr_line' id='line_1_22' title="bbox 510 2563 3244 2647; baseline -0.001 -21"><span class='ocrx_word' id='word_1_217' title='bbox 510 2564 772 2647; x_wconf 81' lang='grc' dir='ltr'><em>ἀνάγκη,</em></span> <span class='ocrx_word' id='word_1_218' title='bbox 830 2563 888 2627; x_wconf 83' lang='grc' dir='ltr'><em>ὦ</em></span> <span class='ocrx_word' id='word_1_219' title='bbox 944 2564 1322 2636; x_wconf 75' lang='grc' dir='ltr'><strong><em>Καλλίκλεις,</em></strong></span> <span class='ocrx_word' id='word_1_220' title='bbox 1377 2565 1485 2627; x_wconf 79' lang='grc' dir='ltr'><em>τὸν</em></span> <span class='ocrx_word' id='word_1_221' title='bbox 1539 2566 1868 2646; x_wconf 80' lang='grc' dir='ltr'><em>σώφρονα,</em></span> <span class='ocrx_word' id='word_1_222' title='bbox 1924 2566 2141 2645; x_wconf 83' lang='grc' dir='ltr'><em>ὥσπερ</em></span> <span class='ocrx_word' id='word_1_223' title='bbox 2198 2564 2558 2646; x_wconf 74' lang='grc' dir='ltr'><em>διήλθομεν,</em></span> <span class='ocrx_word' id='word_1_224' title='bbox 2625 2564 2870 2626; x_wconf 74' lang='grc' dir='ltr'><em>δίκαιον</em></span> <span class='ocrx_word' id='word_1_225' title='bbox 2921 2566 3072 2625; x_wconf 81' lang='grc' dir='ltr'><em>ὄντα</em></span> <span class='ocrx_word' id='word_1_226' title='bbox 3129 2564 3244 2625; x_wconf 75' lang='grc' dir='ltr'><strong>καὶ</strong></span> 
     </span>
     <span class='ocr_line' id='line_1_23' title="bbox 508 2669 3242 2754; baseline -0.002 -21"><span class='ocrx_word' id='word_1_227' title='bbox 508 2672 796 2754; x_wconf 78' lang='grc' dir='ltr'><em>ἀνδρεῖον</em></span> <span class='ocrx_word' id='word_1_228' title='bbox 832 2674 939 2735; x_wconf 80' lang='grc' dir='ltr'><strong>καὶ</strong></span> <span class='ocrx_word' id='word_1_229' title='bbox 976 2674 1150 2735; x_wconf 82' lang='grc' dir='ltr'><em>ὅσιον</em></span> <span class='ocrx_word' id='word_1_230' title='bbox 1188 2672 1438 2753; x_wconf 74' lang='grc' dir='ltr'><em>ἀγαθὸν</em></span> <span class='ocrx_word' id='word_1_231' title='bbox 1475 2673 1675 2753; x_wconf 80' lang='grc' dir='ltr'><em>ἄνὸρα</em></span> <span class='ocrx_word' id='word_1_232' title='bbox 1722 2674 1875 2735; x_wconf 81' lang='grc' dir='ltr'><em>εἶναι</em></span> <span class='ocrx_word' id='word_1_233' title='bbox 1921 2672 2144 2741; x_wconf 78' lang='grc' dir='ltr'><em>τελέως</em></span> <span class='ocrx_word' id='word_1_234' title='bbox 2189 2669 2252 2733; x_wconf 93' lang='grc'><strong>11.</strong></span> <span class='ocrx_word' id='word_1_235' title='bbox 2284 2691 2369 2733; x_wconf 90' lang='lat' dir='ltr'><strong>e.:</strong></span> <span class='ocrx_word' id='word_1_236' title='bbox 2422 2670 2775 2748; x_wconf 77' lang='lat' dir='ltr'><strong>modestus,</strong></span> <span class='ocrx_word' id='word_1_237' title='bbox 2827 2692 2973 2733; x_wconf 88' lang='lat' dir='ltr'><strong>cum</strong></span> <span class='ocrx_word' id='word_1_238' title='bbox 3019 2670 3242 2733; x_wconf 74' lang='lat' dir='ltr'><strong>iustus</strong></span> 
     </span>
     <span class='ocr_line' id='line_1_24' title="bbox 509 2775 3239 2860; baseline -0.001 -20"><span class='ocrx_word' id='word_1_239' title='bbox 509 2784 574 2841; x_wconf 81' lang='lat' dir='ltr'><strong>et</strong></span> <span class='ocrx_word' id='word_1_240' title='bbox 619 2778 807 2841; x_wconf 83' lang='lat' dir='ltr'><strong>fortis</strong></span> <span class='ocrx_word' id='word_1_241' title='bbox 848 2786 915 2841; x_wconf 88' lang='lat' dir='ltr'><strong>et</strong></span> <span class='ocrx_word' id='word_1_242' title='bbox 951 2780 1097 2860; x_wconf 88' lang='lat' dir='ltr'><strong>pius</strong></span> <span class='ocrx_word' id='word_1_243' title='bbox 1148 2778 1251 2857; x_wconf 87' lang='lat' dir='ltr'><strong>sit,</strong></span> <span class='ocrx_word' id='word_1_244' title='bbox 1298 2777 1513 2841; x_wconf 89' lang='lat' dir='ltr'><strong>bonus</strong></span> <span class='ocrx_word' id='word_1_245' title='bbox 1554 2778 1649 2840; x_wconf 81' lang='lat' dir='ltr'><strong>vir</strong></span> <span class='ocrx_word' id='word_1_246' title='bbox 1686 2783 1806 2840; x_wconf 90' lang='lat' dir='ltr'><strong>est.</strong></span> <span class='ocrx_word' id='word_1_247' title='bbox 1867 2775 2079 2860; x_wconf 81' lang='lat' dir='ltr'><strong>Quem</strong></span> <span class='ocrx_word' id='word_1_248' title='bbox 2123 2776 2338 2840; x_wconf 90' lang='lat' dir='ltr'><strong>locum</strong></span> <span class='ocrx_word' id='word_1_249' title='bbox 2388 2778 2480 2839; x_wconf 87' lang='lat' dir='ltr'><strong>sic</strong></span> <span class='ocrx_word' id='word_1_250' title='bbox 2528 2775 3040 2857; x_wconf 85' lang='lat' dir='ltr'><strong>intellegendum</strong></span> <span class='ocrx_word' id='word_1_251' title='bbox 3086 2796 3239 2839; x_wconf 80' lang='lat' dir='ltr'><strong>esse.</strong></span> 
     </span>
     <span class='ocr_line' id='line_1_25' title="bbox 511 2883 3240 2969; baseline -0.001 -22"><span class='ocrx_word' id='word_1_252' title='bbox 511 2886 592 2947; x_wconf 85' lang='lat' dir='ltr'><strong>iis</strong></span> <span class='ocrx_word' id='word_1_253' title='bbox 634 2884 961 2963; x_wconf 89' lang='lat' dir='ltr'><strong>docemur,</strong></span> <span class='ocrx_word' id='word_1_254' title='bbox 1014 2907 1181 2969; x_wconf 89' lang='lat' dir='ltr'><strong>quae</strong></span> <span class='ocrx_word' id='word_1_255' title='bbox 1224 2884 1643 2949; x_wconf 87' lang='lat' dir='ltr'><strong>antecedunt.</strong></span> <span class='ocrx_word' id='word_1_256' title='bbox 1694 2884 2094 2949; x_wconf 86' lang='lat' dir='ltr'><strong>Modestiam</strong></span> <span class='ocrx_word' id='word_1_257' title='bbox 2141 2885 2342 2965; x_wconf 90' lang='lat' dir='ltr'><strong>igitur</strong></span> <span class='ocrx_word' id='word_1_258' title='bbox 2387 2889 2662 2947; x_wconf 85' lang='lat' dir='ltr'><strong>matrem</strong></span> <span class='ocrx_word' id='word_1_259' title='bbox 2701 2889 3068 2947; x_wconf 88' lang='lat' dir='ltr'><strong>ceterarum</strong></span> <span class='ocrx_word' id='word_1_260' title='bbox 3107 2883 3240 2945; x_wconf 83' lang='lat' dir='ltr'><strong>vir-</strong></span> 
     </span>
     <span class='ocr_line' id='line_1_26' title="bbox 511 2990 3238 3068; baseline -0.001 -13"><span class='ocrx_word' id='word_1_261' title='bbox 511 2998 723 3055; x_wconf 90' lang='lat' dir='ltr'><strong>tutum</strong></span> <span class='ocrx_word' id='word_1_262' title='bbox 762 3013 903 3055; x_wconf 85' lang='lat' dir='ltr'><strong>esse</strong></span> <span class='ocrx_word' id='word_1_263' title='bbox 946 3014 1025 3054; x_wconf 82' lang='lat' dir='ltr'><strong>ex</strong></span> <span class='ocrx_word' id='word_1_264' title='bbox 1060 2993 1185 3056; x_wconf 94' lang='grc'><strong>1106</strong></span> <span class='ocrx_word' id='word_1_265' title='bbox 1224 2990 1369 3055; x_wconf 91' lang='grc'><strong>1060</strong></span> <span class='ocrx_word' id='word_1_266' title='bbox 1410 2990 1710 3055; x_wconf 86' lang='lat' dir='ltr'><strong>efficitur.</strong></span> <span class='ocrx_word' id='word_1_267' title='bbox 1769 2990 2026 3056; x_wconf 86' lang='lat' dir='ltr'><strong>Eadem</strong></span> <span class='ocrx_word' id='word_1_268' title='bbox 2064 2992 2392 3056; x_wconf 85' lang='lat' dir='ltr'><strong>sententia</strong></span> <span class='ocrx_word' id='word_1_269' title='bbox 2428 2993 2494 3055; x_wconf 90' lang='lat' dir='ltr'><strong>in</strong></span> <span class='ocrx_word' id='word_1_270' title='bbox 2535 2990 2882 3055; x_wconf 88' lang='lat' dir='ltr'><strong>Alcibiade</strong></span> <span class='ocrx_word' id='word_1_271' title='bbox 2921 2991 3238 3068; x_wconf 74' lang='lat' dir='ltr'><strong>occurrit3</strong></span> 
     </span>
     <span class='ocr_line' id='line_1_27' title="bbox 507 3096 3234 3181; baseline 0 -20"><span class='ocrx_word' id='word_1_272' title='bbox 507 3100 731 3179; x_wconf 82' lang='lat' dir='ltr'><strong>itaque</strong></span> <span class='ocrx_word' id='word_1_273' title='bbox 782 3097 897 3162; x_wconf 87' lang='lat' dir='ltr'><strong>illa</strong></span> <span class='ocrx_word' id='word_1_274' title='bbox 943 3098 1143 3163; x_wconf 77' lang='lat' dir='ltr'><strong>verba</strong></span> <span class='ocrx_word' id='word_1_275' title='bbox 1189 3098 1383 3163; x_wconf 90' lang='lat' dir='ltr'><strong>huius</strong></span> <span class='ocrx_word' id='word_1_276' title='bbox 1431 3098 1561 3163; x_wconf 89' lang='lat' dir='ltr'><strong>loci</strong></span> <span class='ocrx_word' id='word_1_277' title='bbox 1609 3096 1978 3180; x_wconf 80' lang='lat' dir='ltr'><strong>exemplum</strong></span> <span class='ocrx_word' id='word_1_278' title='bbox 2028 3098 2226 3161; x_wconf 83' lang='lat' dir='ltr'><strong>fuisse</strong></span> <span class='ocrx_word' id='word_1_279' title='bbox 2277 3106 2604 3181; x_wconf 87' lang='lat' dir='ltr'><strong>putamus.</strong></span> <span class='ocrx_word' id='word_1_280' title='bbox 2679 3098 2778 3161; x_wconf 81' lang='lat' dir='ltr'><strong>Re</strong></span> <span class='ocrx_word' id='word_1_281' title='bbox 2831 3120 2982 3161; x_wconf 85' lang='lat' dir='ltr'><strong>vera</strong></span> <span class='ocrx_word' id='word_1_282' title='bbox 3028 3098 3234 3179; x_wconf 87' lang='lat' dir='ltr'><strong>scrip-</strong></span> 
     </span>
     <span class='ocr_line' id='line_1_28' title="bbox 510 3203 3236 3287; baseline -0.003 -17"><span class='ocrx_word' id='word_1_283' title='bbox 510 3208 637 3270; x_wconf 86' lang='lat' dir='ltr'><strong>tori</strong></span> <span class='ocrx_word' id='word_1_284' title='bbox 704 3204 889 3269; x_wconf 88' lang='lat' dir='ltr'><strong>illum</strong></span> <span class='ocrx_word' id='word_1_285' title='bbox 951 3206 1167 3269; x_wconf 85' lang='lat' dir='ltr'><strong>locum</strong></span> <span class='ocrx_word' id='word_1_286' title='bbox 1226 3206 1308 3270; x_wconf 90' lang='lat' dir='ltr'><strong>ob</strong></span> <span class='ocrx_word' id='word_1_287' title='bbox 1368 3206 1594 3270; x_wconf 88' lang='lat' dir='ltr'><strong>oculos</strong></span> <span class='ocrx_word' id='word_1_288' title='bbox 1653 3227 1796 3269; x_wconf 82' lang='lat' dir='ltr'><strong>esse</strong></span> <span class='ocrx_word' id='word_1_289' title='bbox 1857 3213 2183 3270; x_wconf 82' lang='lat' dir='ltr'><strong>versatum</strong></span> <span class='ocrx_word' id='word_1_290' title='bbox 2239 3206 2391 3269; x_wconf 88' lang='lat' dir='ltr'><strong>inde</strong></span> <span class='ocrx_word' id='word_1_291' title='bbox 2448 3203 2871 3286; x_wconf 83' lang='lat' dir='ltr'><strong>intellegitur,</strong></span> <span class='ocrx_word' id='word_1_292' title='bbox 2929 3203 3108 3287; x_wconf 86' lang='lat' dir='ltr'><strong>quod</strong></span> <span class='ocrx_word' id='word_1_293' title='bbox 3153 3226 3236 3267; x_wconf 86' lang='lat' dir='ltr'><strong>eo</strong></span> 
     </span>
     <span class='ocr_line' id='line_1_29' title="bbox 510 3311 3236 3395; baseline -0.001 -20"><span class='ocrx_word' id='word_1_294' title='bbox 510 3312 805 3375; x_wconf 75' lang='lat' dir='ltr'><strong>adhibito</strong></span> <span class='ocrx_word' id='word_1_295' title='bbox 855 3311 1342 3376; x_wconf 88' lang='lat' dir='ltr'><strong>conclusionem</strong></span> <span class='ocrx_word' id='word_1_296' title='bbox 1390 3312 1573 3376; x_wconf 88' lang='lat' dir='ltr'><strong>illam</strong></span> <span class='ocrx_word' id='word_1_297' title='bbox 1619 3314 1689 3375; x_wconf 93' lang='lat' dir='ltr'><strong>in</strong></span> <span class='ocrx_word' id='word_1_298' title='bbox 1729 3312 2098 3391; x_wconf 86' lang='lat' dir='ltr'><strong>Alcibiade,</strong></span> <span class='ocrx_word' id='word_1_299' title='bbox 2147 3335 2342 3395; x_wconf 85' lang='lat' dir='ltr'><strong>quam</strong></span> <span class='ocrx_word' id='word_1_300' title='bbox 2391 3334 2591 3395; x_wconf 87' lang='lat' dir='ltr'><strong>supra</strong></span> <span class='ocrx_word' id='word_1_301' title='bbox 2638 3333 2770 3375; x_wconf 90' lang='lat' dir='ltr'><strong>non</strong></span> <span class='ocrx_word' id='word_1_302' title='bbox 2819 3316 3043 3393; x_wconf 87' lang='lat' dir='ltr'><strong>aptam</strong></span> <span class='ocrx_word' id='word_1_303' title='bbox 3090 3332 3236 3374; x_wconf 85' lang='lat' dir='ltr'><strong>esse</strong></span> 
     </span>
     <span class='ocr_line' id='line_1_30' title="bbox 512 3415 3242 3503; baseline 0 -23"><span class='ocrx_word' id='word_1_304' title='bbox 512 3418 989 3497; x_wconf 82' lang='lat' dir='ltr'><strong>admonuimus,</strong></span> <span class='ocrx_word' id='word_1_305' title='bbox 1024 3418 1339 3501; x_wconf 81' lang='lat' dir='ltr'><strong>explicari</strong></span> <span class='ocrx_word' id='word_1_306' title='bbox 1368 3441 1561 3501; x_wconf 87' lang='lat' dir='ltr'><strong>posse</strong></span> <span class='ocrx_word' id='word_1_307' title='bbox 1592 3420 1787 3484; x_wconf 88' lang='lat' dir='ltr'><strong>nobis</strong></span> <span class='ocrx_word' id='word_1_308' title='bbox 1817 3422 2284 3503; x_wconf 82' lang='lat' dir='ltr'><strong>persuasimus,</strong></span> <span class='ocrx_word' id='word_1_309' title='bbox 2341 3420 2424 3483; x_wconf 92' lang='lat' dir='ltr'><strong>In</strong></span> <span class='ocrx_word' id='word_1_310' title='bbox 2463 3418 2679 3483; x_wconf 89' lang='lat' dir='ltr'><strong>Alcib.</strong></span> <span class='ocrx_word' id='word_1_311' title='bbox 2717 3420 2891 3481; x_wconf 88' lang='lat' dir='ltr'><strong>enim</strong></span> <span class='ocrx_word' id='word_1_312' title='bbox 2929 3440 2993 3500; x_wconf 88' lang='lat' dir='ltr'><strong>p.</strong></span> <span class='ocrx_word' id='word_1_313' title='bbox 3030 3415 3242 3482; x_wconf 80' lang='lat' dir='ltr'><strong>134A</strong></span> 
     </span>
     <span class='ocr_line' id='line_1_31' title="bbox 510 3524 3235 3611; baseline 0.001 -25"><span class='ocrx_word' id='word_1_314' title='bbox 510 3526 824 3606; x_wconf 78' lang='lat' dir='ltr'><strong>scriptum</strong></span> <span class='ocrx_word' id='word_1_315' title='bbox 889 3524 1193 3607; x_wconf 85' lang='lat' dir='ltr'><strong>legimus:</strong></span> <span class='ocrx_word' id='word_1_316' title='bbox 1270 3528 1408 3591; x_wconf 78' lang='grc' dir='ltr'><strong>Οὐκ</strong></span> <span class='ocrx_word' id='word_1_317' title='bbox 1455 3530 1579 3611; x_wconf 79' lang='grc' dir='ltr'><strong>ἄρα</strong></span> <span class='ocrx_word' id='word_1_318' title='bbox 1628 3529 1765 3593; x_wconf 82' lang='grc' dir='ltr'><em>οἶόν</em></span> <span class='ocrx_word' id='word_1_319' title='bbox 1811 3554 1888 3601; x_wconf 82' lang='grc' dir='ltr'><strong>τε,</strong></span> <span class='ocrx_word' id='word_1_320' title='bbox 1947 3530 2055 3591; x_wconf 73' lang='grc' dir='ltr'><em>ἐὰν</em></span> <span class='ocrx_word' id='word_1_321' title='bbox 2099 3531 2189 3611; x_wconf 83' lang='grc' dir='ltr'><strong>μή</strong></span> <span class='ocrx_word' id='word_1_322' title='bbox 2239 3554 2323 3598; x_wconf 84' lang='grc' dir='ltr'><strong>τις</strong></span> <span class='ocrx_word' id='word_1_323' title='bbox 2377 3531 2666 3609; x_wconf 74' lang='grc' dir='ltr'><em>σώφρων</em></span> <span class='ocrx_word' id='word_1_324' title='bbox 2721 3528 2826 3590; x_wconf 81' lang='grc' dir='ltr'><strong>καὶ</strong></span> <span class='ocrx_word' id='word_1_325' title='bbox 2882 3526 3129 3607; x_wconf 71' lang='grc' dir='ltr'>ἀγαθὸς</span> <span class='ocrx_word' id='word_1_326' title='bbox 3173 3524 3235 3607; x_wconf 80' lang='grc' dir='ltr'><strong>ᾗ,</strong></span> 
     </span>
     <span class='ocr_line' id='line_1_32' title="bbox 511 3630 3228 3717; baseline -0.001 -23"><span class='ocrx_word' id='word_1_327' title='bbox 511 3634 855 3715; x_wconf 68' lang='grc' dir='ltr'><em>εὖόαίμονα</em></span> <span class='ocrx_word' id='word_1_328' title='bbox 902 3636 1071 3707; x_wconf 80' lang='grc' dir='ltr'><em>εἶναι,</em></span> <span class='ocrx_word' id='word_1_329' title='bbox 1122 3655 1519 3715; x_wconf 87' lang='lat' dir='ltr'><strong>quamquam</strong></span> <span class='ocrx_word' id='word_1_330' title='bbox 1568 3656 1649 3697; x_wconf 83' lang='lat' dir='ltr'><strong>ex</strong></span> <span class='ocrx_word' id='word_1_331' title='bbox 1694 3636 1796 3713; x_wconf 92' lang='lat' dir='ltr'><strong>iis,</strong></span> <span class='ocrx_word' id='word_1_332' title='bbox 1847 3656 2014 3717; x_wconf 83' lang='lat' dir='ltr'><strong>quae</strong></span> <span class='ocrx_word' id='word_1_333' title='bbox 2065 3635 2485 3713; x_wconf 82' lang='lat' dir='ltr'><strong>antecedunt,</strong></span> <span class='ocrx_word' id='word_1_334' title='bbox 2531 3632 2697 3697; x_wconf 90' lang='lat' dir='ltr'><strong>nihil</strong></span> <span class='ocrx_word' id='word_1_335' title='bbox 2745 3632 3024 3695; x_wconf 88' lang='lat' dir='ltr'><strong>efficitur</strong></span> <span class='ocrx_word' id='word_1_336' title='bbox 3071 3630 3228 3694; x_wconf 89' lang='lat' dir='ltr'><strong>nisi:</strong></span> 
     </span>
     <span class='ocr_line' id='line_1_33' title="bbox 509 3738 3232 3825; baseline -0 -25"><span class='ocrx_word' id='word_1_337' title='bbox 509 3740 619 3801; x_wconf 75' lang='grc' dir='ltr'><em>ἐὰν</em></span> <span class='ocrx_word' id='word_1_338' title='bbox 663 3742 753 3822; x_wconf 81' lang='grc' dir='ltr'><strong>μή</strong></span> <span class='ocrx_word' id='word_1_339' title='bbox 793 3764 878 3809; x_wconf 80' lang='grc' dir='ltr'><strong>τις</strong></span> <span class='ocrx_word' id='word_1_340' title='bbox 916 3743 1205 3823; x_wconf 78' lang='grc' dir='ltr'><em>σώφρων</em></span> <span class='ocrx_word' id='word_1_341' title='bbox 1248 3742 1307 3825; x_wconf 83' lang='grc' dir='ltr'><strong>ᾗ.</strong></span> <span class='ocrx_word' id='word_1_342' title='bbox 1373 3741 1454 3805; x_wconf 93' lang='lat' dir='ltr'><strong>In</strong></span> <span class='ocrx_word' id='word_1_343' title='bbox 1496 3739 1745 3824; x_wconf 84' lang='lat' dir='ltr'><strong>Gorgia</strong></span> <span class='ocrx_word' id='word_1_344' title='bbox 1798 3748 2017 3805; x_wconf 84' lang='lat' dir='ltr'><strong>autem</strong></span> <span class='ocrx_word' id='word_1_345' title='bbox 2064 3741 2227 3805; x_wconf 85' lang='lat' dir='ltr'><strong>haec</strong></span> <span class='ocrx_word' id='word_1_346' title='bbox 2267 3741 2598 3804; x_wconf 82' lang='lat' dir='ltr'><strong>dicunt-ur:</strong></span> <span class='ocrx_word' id='word_1_347' title='bbox 2649 3738 2875 3803; x_wconf 78' lang='lat'>5070:</span> <span class='ocrx_word' id='word_1_348' title='bbox 2929 3790 2940 3801; x_wconf 91' lang='lat'><em>.</em></span> <span class='ocrx_word' id='word_1_349' title='bbox 2984 3789 2995 3800; x_wconf 93' lang='lat'><strong>.</strong></span> <span class='ocrx_word' id='word_1_350' title='bbox 3033 3739 3232 3819; x_wconf 76' lang='grc' dir='ltr'><em>πολλὴ</em></span> 
     </span>
     <span class='ocr_line' id='line_1_34' title="bbox 510 3843 3235 3931; baseline 0 -24"><span class='ocrx_word' id='word_1_351' title='bbox 510 3847 772 3929; x_wconf 77' lang='grc' dir='ltr'><em>ἀνάγκη,</em></span> <span class='ocrx_word' id='word_1_352' title='bbox 824 3898 834 3908; x_wconf 96' lang='grc'>.</span> <span class='ocrx_word' id='word_1_353' title='bbox 867 3898 880 3909; x_wconf 93' lang='grc'><strong>.</strong></span> <span class='ocrx_word' id='word_1_354' title='bbox 913 3898 924 3909; x_wconf 93' lang='grc'><strong><em>.</em></strong></span> <span class='ocrx_word' id='word_1_355' title='bbox 955 3848 1061 3911; x_wconf 82' lang='grc' dir='ltr'><em>τὸν</em></span> <span class='ocrx_word' id='word_1_356' title='bbox 1101 3850 1169 3911; x_wconf 85' lang='grc' dir='ltr'><strong>ὁὲ</strong></span> <span class='ocrx_word' id='word_1_357' title='bbox 1207 3849 1457 3930; x_wconf 73' lang='grc' dir='ltr'><em>ἀγαθὸν</em></span> <span class='ocrx_word' id='word_1_358' title='bbox 1494 3848 1563 3913; x_wconf 79' lang='grc' dir='ltr'><strong>εὖ</strong></span> <span class='ocrx_word' id='word_1_359' title='bbox 1600 3875 1663 3913; x_wconf 86' lang='grc' dir='ltr'><strong>τε</strong></span> <span class='ocrx_word' id='word_1_360' title='bbox 1700 3852 1808 3914; x_wconf 84' lang='grc' dir='ltr'><strong>καὶ</strong></span> <span class='ocrx_word' id='word_1_361' title='bbox 1845 3851 2059 3920; x_wconf 81' lang='grc' dir='ltr'><em>καλῶς</em></span> <span class='ocrx_word' id='word_1_362' title='bbox 2093 3851 2376 3931; x_wconf 79' lang='grc' dir='ltr'><em>πράττειν</em></span> <span class='ocrx_word' id='word_1_363' title='bbox 2423 3852 2462 3909; x_wconf 78' lang='grc' dir='ltr'><em>ἃ</em></span> <span class='ocrx_word' id='word_1_364' title='bbox 2511 3851 2588 3910; x_wconf 85' lang='grc' dir='ltr'><em>ἂν</em></span> <span class='ocrx_word' id='word_1_365' title='bbox 2624 3848 2878 3928; x_wconf 80' lang='grc' dir='ltr'><em>πράττῃ,</em></span> <span class='ocrx_word' id='word_1_366' title='bbox 2927 3846 3034 3910; x_wconf 81' lang='grc' dir='ltr'><em>τὸν</em></span> <span class='ocrx_word' id='word_1_367' title='bbox 3073 3847 3132 3910; x_wconf 76' lang='grc' dir='ltr'><strong>δ’</strong></span> <span class='ocrx_word' id='word_1_368' title='bbox 3165 3843 3235 3910; x_wconf 75' lang='grc' dir='ltr'><strong>εὖ</strong></span> 
     </span>
     <span class='ocr_line' id='line_1_35' title="bbox 506 3953 3234 4039; baseline 0.002 -24"><span class='ocrx_word' id='word_1_369' title='bbox 506 3956 849 4033; x_wconf 76' lang='grc' dir='ltr'><em>πράττοντα</em></span> <span class='ocrx_word' id='word_1_370' title='bbox 877 3958 1195 4039; x_wconf 84' lang='grc' dir='ltr'><em>μακάριόν</em></span> <span class='ocrx_word' id='word_1_371' title='bbox 1231 3981 1292 4019; x_wconf 85' lang='grc' dir='ltr'><strong>τε</strong></span> <span class='ocrx_word' id='word_1_372' title='bbox 1329 3958 1435 4019; x_wconf 82' lang='grc' dir='ltr'><strong>καὶ</strong></span> <span class='ocrx_word' id='word_1_373' title='bbox 1472 3958 1818 4039; x_wconf 71' lang='grc' dir='ltr'><em>εὐδαίμονα</em></span> <span class='ocrx_word' id='word_1_374' title='bbox 1855 3959 2024 4031; x_wconf 84' lang='grc' dir='ltr'><em>εἶναι,</em></span> <span class='ocrx_word' id='word_1_375' title='bbox 2066 3956 2262 4039; x_wconf 82' lang='lat' dir='ltr'><strong>paulo</strong></span> <span class='ocrx_word' id='word_1_376' title='bbox 2300 3961 2451 4035; x_wconf 84' lang='lat' dir='ltr'><strong>post</strong></span> <span class='ocrx_word' id='word_1_377' title='bbox 2488 3953 2581 4016; x_wconf 84' lang='lat' dir='ltr'><strong>D:</strong></span> <span class='ocrx_word' id='word_1_378' title='bbox 2623 3956 2680 4017; x_wconf 81' lang='grc' dir='ltr'><strong>εἰ</strong></span> <span class='ocrx_word' id='word_1_379' title='bbox 2713 3954 2782 4017; x_wconf 74' lang='grc' dir='ltr'><strong>δὲ</strong></span> <span class='ocrx_word' id='word_1_380' title='bbox 2820 3956 2978 4017; x_wconf 71' lang='grc' dir='ltr'><em>ἔστιν</em></span> <span class='ocrx_word' id='word_1_381' title='bbox 3006 3954 3234 4036; x_wconf 70' lang='grc' dir='ltr'><em>ἀληθῆ,</em></span> 
     </span>
    </p>
   </div>
   <div class='ocr_carea' id='block_1_5' title="bbox 609 4100 935 4107">
    <p class='ocr_par' dir='ltr' id='par_1_5' title="bbox 609 4100 935 4107">
     <span class='ocr_line' id='line_1_36' title="bbox 609 4100 935 4107; baseline 0 1002"><span class='ocrx_word' id='word_1_382' title='bbox 609 4100 935 4107; x_wconf 95' lang='lat' dir='ltr'><strong> </strong></span> 
     </span>
    </p>
   </div>
   <div class='ocr_carea' id='block_1_6' title="bbox 509 4162 3236 4771">
    <p class='ocr_par' dir='ltr' id='par_1_6' title="bbox 509 4162 3236 4771">
     <span class='ocr_line' id='line_1_37' title="bbox 728 4162 3230 4235; baseline -0.002 -16"><span class='ocrx_word' id='word_1_383' title='bbox 728 4166 745 4199; x_wconf 86' lang='lat'><strong>¹</strong></span> <span class='ocrx_word' id='word_1_384' title='bbox 784 4167 904 4220; x_wconf 83' lang='lat' dir='ltr'><strong>Illis</strong></span> <span class='ocrx_word' id='word_1_385' title='bbox 940 4167 1163 4220; x_wconf 84' lang='lat' dir='ltr'><strong>Philebi</strong></span> <span class='ocrx_word' id='word_1_386' title='bbox 1202 4172 1258 4219; x_wconf 86' lang='lat' dir='ltr'><strong>et</strong></span> <span class='ocrx_word' id='word_1_387' title='bbox 1298 4165 1512 4220; x_wconf 86' lang='lat' dir='ltr'><strong>Timaei</strong></span> <span class='ocrx_word' id='word_1_388' title='bbox 1555 4168 1690 4221; x_wconf 78' lang='lat' dir='ltr'><strong>locis</strong></span> <span class='ocrx_word' id='word_1_389' title='bbox 1731 4170 1925 4223; x_wconf 77' lang='grc' dir='ltr'><em>Γνῶθι</em></span> <span class='ocrx_word' id='word_1_390' title='bbox 1965 4168 2182 4221; x_wconf 77' lang='grc' dir='ltr'><em>σαυτὸν</em></span> <span class='ocrx_word' id='word_1_391' title='bbox 2227 4186 2338 4221; x_wconf 87' lang='grc'><strong>11011</strong></span> <span class='ocrx_word' id='word_1_392' title='bbox 2389 4167 2456 4220; x_wconf 80' lang='lat' dir='ltr'><strong>ad</strong></span> <span class='ocrx_word' id='word_1_393' title='bbox 2509 4166 2648 4218; x_wconf 91' lang='lat' dir='ltr'><strong>illud</strong></span> <span class='ocrx_word' id='word_1_394' title='bbox 2698 4166 2908 4235; x_wconf 80' lang='lat' dir='ltr'><strong>templo</strong></span> <span class='ocrx_word' id='word_1_395' title='bbox 2957 4162 3230 4231; x_wconf 78' lang='lat' dir='ltr'><strong>Delphico</strong></span> 
     </span>
     <span class='ocr_line' id='line_1_38' title="bbox 511 4251 3232 4325; baseline -0.001 -19"><span class='ocrx_word' id='word_1_396' title='bbox 511 4257 843 4325; x_wconf 79' lang='lat' dir='ltr'><strong>inscriptum</strong></span> <span class='ocrx_word' id='word_1_397' title='bbox 886 4257 1139 4323; x_wconf 76' lang='lat' dir='ltr'><strong>refertur,</strong></span> <span class='ocrx_word' id='word_1_398' title='bbox 1178 4256 1271 4307; x_wconf 79' lang='lat' dir='ltr'><strong>sed</strong></span> <span class='ocrx_word' id='word_1_399' title='bbox 1313 4256 1369 4307; x_wconf 90' lang='lat' dir='ltr'><strong>in</strong></span> <span class='ocrx_word' id='word_1_400' title='bbox 1408 4258 1726 4310; x_wconf 82' lang='lat' dir='ltr'><strong>universum</strong></span> <span class='ocrx_word' id='word_1_401' title='bbox 1757 4258 1979 4310; x_wconf 83' lang='lat' dir='ltr'><strong>dicitur.</strong></span> <span class='ocrx_word' id='word_1_402' title='bbox 2020 4256 2213 4324; x_wconf 78' lang='lat' dir='ltr'><strong>Neque</strong></span> <span class='ocrx_word' id='word_1_403' title='bbox 2253 4258 2406 4309; x_wconf 85' lang='lat' dir='ltr'><strong>locus</strong></span> <span class='ocrx_word' id='word_1_404' title='bbox 2436 4255 2828 4323; x_wconf 76' lang='lat' dir='ltr'><strong>Xenophontis</strong></span> <span class='ocrx_word' id='word_1_405' title='bbox 2867 4254 3034 4306; x_wconf 83' lang='lat' dir='ltr'><strong>Mem.</strong></span> <span class='ocrx_word' id='word_1_406' title='bbox 3065 4251 3156 4304; x_wconf 88' lang='lat' dir='ltr'><strong>IV</strong></span> <span class='ocrx_word' id='word_1_407' title='bbox 3183 4253 3232 4313; x_wconf 80' lang='lat'><strong>2,</strong></span> 
     </span>
     <span class='ocr_line' id='line_1_39' title="bbox 509 4346 3232 4413; baseline -0.001 -17"><span class='ocrx_word' id='word_1_408' title='bbox 509 4346 578 4397; x_wconf 81' lang='lat'><strong>24</strong></span> <span class='ocrx_word' id='word_1_409' title='bbox 617 4363 725 4412; x_wconf 81' lang='lat' dir='ltr'><strong>seq.</strong></span> <span class='ocrx_word' id='word_1_410' title='bbox 768 4346 1072 4413; x_wconf 81' lang='lat' dir='ltr'><strong>quidquam</strong></span> <span class='ocrx_word' id='word_1_411' title='bbox 1118 4347 1340 4413; x_wconf 75' lang='lat' dir='ltr'><strong>probat,</strong></span> <span class='ocrx_word' id='word_1_412' title='bbox 1389 4364 1515 4398; x_wconf 89' lang='lat' dir='ltr'><strong>eum</strong></span> <span class='ocrx_word' id='word_1_413' title='bbox 1563 4364 1675 4398; x_wconf 89' lang='lat' dir='ltr'><strong>non</strong></span> <span class='ocrx_word' id='word_1_414' title='bbox 1724 4346 1947 4398; x_wconf 78' lang='lat' dir='ltr'><strong>dicatur</strong></span> <span class='ocrx_word' id='word_1_415' title='bbox 1993 4364 2047 4395; x_wconf 76' lang='grc'><strong>81·</strong></span> <span class='ocrx_word' id='word_1_416' title='bbox 2096 4363 2318 4398; x_wconf 73' lang='lat' dir='ltr'><strong>noscere</strong></span> <span class='ocrx_word' id='word_1_417' title='bbox 2379 4346 2524 4397; x_wconf 86' lang='lat' dir='ltr'><strong>idem</strong></span> <span class='ocrx_word' id='word_1_418' title='bbox 2585 4363 2697 4397; x_wconf 76' lang='lat' dir='ltr'><strong>esse</strong></span> <span class='ocrx_word' id='word_1_419' title='bbox 2755 4363 2818 4397; x_wconf 74' lang='grc'><strong>111·</strong></span> <span class='ocrx_word' id='word_1_420' title='bbox 2875 4349 3232 4409; x_wconf 72' lang='grc' dir='ltr'><em>σωφρονεῖν.</em></span> 
     </span>
     <span class='ocr_line' id='line_1_40' title="bbox 512 4434 3234 4504; baseline -0.002 -20"><span class='ocrx_word' id='word_1_421' title='bbox 512 4436 737 4499; x_wconf 67' lang='lat' dir='ltr'><strong>Uetera,</strong></span> <span class='ocrx_word' id='word_1_422' title='bbox 788 4452 929 4502; x_wconf 82' lang='lat' dir='ltr'><strong>quae</strong></span> <span class='ocrx_word' id='word_1_423' title='bbox 978 4436 1107 4487; x_wconf 89' lang='lat' dir='ltr'><strong>huic</strong></span> <span class='ocrx_word' id='word_1_424' title='bbox 1158 4434 1548 4501; x_wconf 73' lang='lat' dir='ltr'><strong>Xenophontis</strong></span> <span class='ocrx_word' id='word_1_425' title='bbox 1604 4435 1975 4504; x_wconf 77' lang='lat' dir='ltr'><strong>disputationi</strong></span> <span class='ocrx_word' id='word_1_426' title='bbox 2024 4441 2077 4486; x_wconf 83' lang='lat' dir='ltr'><strong>et</strong></span> <span class='ocrx_word' id='word_1_427' title='bbox 2129 4435 2414 4487; x_wconf 76' lang='lat' dir='ltr'><strong>Alcibiadi</strong></span> <span class='ocrx_word' id='word_1_428' title='bbox 2475 4434 2792 4487; x_wconf 76' lang='lat' dir='ltr'><strong>communia</strong></span> <span class='ocrx_word' id='word_1_429' title='bbox 2849 4436 2976 4483; x_wconf 84' lang='lat' dir='ltr'><strong>sunt</strong></span> <span class='ocrx_word' id='word_1_430' title='bbox 3031 4434 3234 4497; x_wconf 75' lang='lat' dir='ltr'><strong>(nequo</strong></span> 
     </span>
     <span class='ocr_line' id='line_1_41' title="bbox 512 4517 3236 4592; baseline -0.002 -19"><span class='ocrx_word' id='word_1_431' title='bbox 512 4522 899 4591; x_wconf 80' lang='lat' dir='ltr'><strong>Euthydemus</strong></span> <span class='ocrx_word' id='word_1_432' title='bbox 936 4540 1113 4591; x_wconf 83' lang='lat' dir='ltr'><strong>neque</strong></span> <span class='ocrx_word' id='word_1_433' title='bbox 1144 4524 1471 4575; x_wconf 80' lang='lat' dir='ltr'><strong>Alcibiades</strong></span> <span class='ocrx_word' id='word_1_434' title='bbox 1510 4541 1756 4591; x_wconf 85' lang='lat' dir='ltr'><strong>unquam</strong></span> <span class='ocrx_word' id='word_1_435' title='bbox 1797 4525 1868 4576; x_wconf 83' lang='lat' dir='ltr'><strong>ad</strong></span> <span class='ocrx_word' id='word_1_436' title='bbox 1906 4542 1959 4575; x_wconf 78' lang='lat' dir='ltr'><strong>sc</strong></span> <span class='ocrx_word' id='word_1_437' title='bbox 1993 4526 2135 4592; x_wconf 78' lang='lat' dir='ltr'><strong>ipsos</strong></span> <span class='ocrx_word' id='word_1_438' title='bbox 2173 4524 2532 4591; x_wconf 77' lang='lat' dir='ltr'><strong>inquirendos</strong></span> <span class='ocrx_word' id='word_1_439' title='bbox 2571 4522 2812 4589; x_wconf 65' lang='lat' dir='ltr'><strong>aggressi</strong></span> <span class='ocrx_word' id='word_1_440' title='bbox 2853 4524 2996 4583; x_wconf 84' lang='lat' dir='ltr'><strong>sunt,</strong></span> <span class='ocrx_word' id='word_1_441' title='bbox 3035 4517 3236 4585; x_wconf 78' lang='lat' dir='ltr'><strong>quibus</strong></span> 
     </span>
     <span class='ocr_line' id='line_1_42' title="bbox 511 4609 3236 4681; baseline -0.001 -20"><span class='ocrx_word' id='word_1_442' title='bbox 511 4611 774 4664; x_wconf 71' lang='lat' dir='ltr'><strong>Socrates</strong></span> <span class='ocrx_word' id='word_1_443' title='bbox 813 4614 1084 4680; x_wconf 84' lang='lat' dir='ltr'><strong>imprimis</strong></span> <span class='ocrx_word' id='word_1_444' title='bbox 1124 4612 1223 4664; x_wconf 89' lang='lat' dir='ltr'><strong>illo</strong></span> <span class='ocrx_word' id='word_1_445' title='bbox 1264 4613 1455 4665; x_wconf 76' lang='grc' dir='ltr'><em>Γνῶθι</em></span> <span class='ocrx_word' id='word_1_446' title='bbox 1496 4614 1717 4667; x_wconf 79' lang='grc' dir='ltr'><em>σαυτὸν</em></span> <span class='ocrx_word' id='word_1_447' title='bbox 1754 4614 2049 4681; x_wconf 80' lang='lat' dir='ltr'><strong>persuadet</strong></span> <span class='ocrx_word' id='word_1_448' title='bbox 2088 4630 2180 4665; x_wconf 84' lang='grc'><strong>608</strong></span> <span class='ocrx_word' id='word_1_449' title='bbox 2217 4612 2358 4663; x_wconf 87' lang='lat' dir='ltr'><strong>nihil</strong></span> <span class='ocrx_word' id='word_1_450' title='bbox 2396 4614 2552 4666; x_wconf 74' lang='lat' dir='ltr'><strong>sciro.</strong></span> <span class='ocrx_word' id='word_1_451' title='bbox 2603 4616 2720 4663; x_wconf 72' lang='lat' dir='ltr'><strong>tum</strong></span> <span class='ocrx_word' id='word_1_452' title='bbox 2761 4609 2981 4663; x_wconf 73' lang='lat' dir='ltr'><strong>Socrati</strong></span> <span class='ocrx_word' id='word_1_453' title='bbox 3019 4623 3072 4659; x_wconf 77' lang='lat' dir='ltr'><strong>se</strong></span> <span class='ocrx_word' id='word_1_454' title='bbox 3112 4622 3236 4657; x_wconf 83' lang='lat' dir='ltr'><strong>eru-</strong></span> 
     </span>
     <span class='ocr_line' id='line_1_43' title="bbox 510 4698 2601 4771; baseline 0.001 -23"><span class='ocrx_word' id='word_1_455' title='bbox 510 4698 743 4753; x_wconf 77' lang='lat' dir='ltr'><strong>diendos</strong></span> <span class='ocrx_word' id='word_1_456' title='bbox 782 4701 961 4766; x_wconf 71' lang='lat' dir='ltr'><strong>dant),</strong></span> <span class='ocrx_word' id='word_1_457' title='bbox 1001 4701 1069 4753; x_wconf 80' lang='lat' dir='ltr'><strong>ad</strong></span> <span class='ocrx_word' id='word_1_458' title='bbox 1113 4700 1469 4752; x_wconf 74' lang='lat' dir='ltr'><strong>Alcibiadem</strong></span> <span class='ocrx_word' id='word_1_459' title='bbox 1509 4700 1796 4771; x_wconf 80' lang='lat' dir='ltr'><strong>dialogum</strong></span> <span class='ocrx_word' id='word_1_460' title='bbox 1837 4700 1972 4753; x_wconf 87' lang='lat' dir='ltr'><strong>nihil</strong></span> <span class='ocrx_word' id='word_1_461' title='bbox 2014 4701 2287 4769; x_wconf 75' lang='lat' dir='ltr'><strong>pertinere</strong></span> <span class='ocrx_word' id='word_1_462' title='bbox 2327 4706 2601 4767; x_wconf 67' lang='lat' dir='ltr'><strong>putamus.</strong></span> 
     </span>
    </p>
   </div>
   <div class='ocr_carea' id='block_1_7' title="bbox 3494 3246 3499 4055">
    <p class='ocr_par' dir='ltr' id='par_1_7' title="bbox 3494 3246 3499 4055">
     <span class='ocr_line' id='line_1_44' title="bbox 3494 3246 3499 4055; baseline 0 0"><span class='ocrx_word' id='word_1_463' title='bbox 3494 3246 3499 4055; x_wconf 95' lang='lat' dir='ltr'><strong> </strong></span> 
     </span>
    </p>
   </div>
   <div class='ocr_carea' id='block_1_8' title="bbox 3494 3246 3499 4233">
    <p class='ocr_par' dir='ltr' id='par_1_8' title="bbox 3494 3246 3499 4233">
     <span class='ocr_line' id='line_1_45' title="bbox 3494 3246 3499 4233; baseline 0 0"><span class='ocrx_word' id='word_1_464' title='bbox 3494 3246 3499 4233; x_wconf 95' lang='lat' dir='ltr'><strong> </strong></span> 
     </span>
    </p>
   </div>
  </div>
 </body>
</html>
