3567 5109
449 1510 664 1618 Cum
712 1548 933 1612 sancti
983 1550 1250 1612 Paulini
1298 1550 1544 1613 Nolani
1611 1557 1833 1613 artem
1876 1552 2240 1614 metricam
2286 1554 2720 1613 tractaturus
2766 1568 2941 1629 sum,

245 1670 352 1716 res
395 1656 494 1718 ita
543 1654 980 1735 disponenda
1027 1672 1178 1716 esse
1225 1655 1520 1731 videtur,
1566 1661 1642 1717 ut
1687 1655 1993 1735 primum
2036 1652 2111 1714 de
2157 1654 2472 1715 elementis
2516 1674 2937 1733 numerorum,

243 1758 278 1818 i.
345 1778 398 1823 e.
464 1760 550 1825 de
615 1759 1044 1839 syllabarum
1122 1760 1512 1837 quantitate
1590 1766 1660 1822 et
1736 1761 1823 1822 de
1888 1760 2233 1823 vocalium
2298 1778 2643 1823 concursu
2718 1779 2937 1840 agam,

245 1862 492 1926 deinde
542 1864 890 1943 disputem
937 1858 1011 1922 de
1056 1861 1263 1925 variis
1307 1861 1487 1945 apud
1533 1860 1884 1925 Paulinum
1929 1864 2151 1926 metris
2216 1860 2585 1947 leyibusque,
2648 1884 2807 1947 quas
2866 1864 2937 1925 in

241 1964 326 2024 eis
367 1974 616 2027 secutus
670 1954 774 2044 est,
823 1967 1124 2045 denique
1169 1986 1326 2047 quae
1388 1964 1462 2027 de
1525 1964 1851 2027 verborum
1902 1974 2195 2029 accentus
2258 1988 2401 2029 cum
2454 1968 2730 2029 numeris
2792 1988 2938 2029 cou-

238 2069 572 2131 sociatione
619 2077 678 2131 et
722 2067 796 2130 de
841 2078 1178 2133 metrorum
1217 2092 1362 2133 cum
1390 2072 1853 2133 sententiarum
1883 2069 2191 2133 clausulis
2222 2092 2538 2135 concursu
2568 2070 2941 2136 adnotanda

238 2186 434 2255 emunt,
486 2176 813 2241 adferam.

813 2635 872 2711 Ι.
928 2634 1073 2713 De
1131 2633 1638 2714 elementis
1694 2651 2372 2714 numerorum.

448 2846 674 2918 Quam
738 2844 1101 2908 materiam
1173 2847 1246 2907 in
1321 2846 1514 2921 duaS,
1606 2852 1684 2908 ut
1757 2864 1971 2925 supra
2048 2846 2611 2921 commemoravi,
2700 2850 2939 2925 partes

239 2949 577 3030 digeram,
643 2968 936 3029 quarum
1001 2951 1236 3031 priore
1299 2947 1373 3009 de
1437 2946 1764 3011 vocalibus
1816 2958 1929 3010 aut
1964 2946 2301 3031 productis
2344 2956 2459 3009 aut
2507 2949 2810 3031 correptis
2868 2946 2938 3009 in

237 3050 604 3115 eaeeuntibus
620 3050 966 3136 mediisque
988 3050 1198 3116 verbis
1216 3050 1370 3115 etde
1389 3050 1662 3137 syllabis,
1696 3075 1857 3136 quae
1886 3054 1959 3113 vi
1977 3053 2451 3115 consonantium
2471 3050 2940 3137 producuntur,

241 3161 461 3223 altera
508 3154 588 3220 de
633 3154 954 3221 vocalibus
997 3158 1164 3220 inter
1207 3178 1270 3222 se
1321 3155 1835 3221 concurrentibus
1884 3178 2106 3239 agam.

949 3506 1013 3589 1.
1047 3505 1180 3601 ,De
1236 3503 1730 3614 syllabarum
1790 3505 2247 3615 quantitate.

1221 3716 1315 3784 A.
1365 3713 1475 3783 De
1521 3712 1951 3785 vocalibus·

448 3906 825 3970 Ordiamur
898 3909 1115 3988 igitur
1191 3928 1228 3971 a
1309 3910 1532 3971 vocali
1606 3904 1721 3991 ,a'‚
1799 3927 1976 3988 quae
2053 3911 2123 3970 in
2214 3909 2593 3971 verborum
2672 3909 2939 3989 syllaba

241 4018 608 4075 extrema
682 4018 926 4074 exstat.
1007 4014 1104 4075 Ac
1180 4017 1477 4095 primum
1555 4013 1834 4092 quidem
1914 4014 2597 4076 commemorandum
2676 4022 2781 4076 est
2870 4018 2939 4077 in

241 4116 536 4179 vocibus
584 4121 652 4179 et
698 4116 982 4179 Graecis
1031 4122 1098 4178 et
1143 4118 1506 4179 Hebraicis
1569 4113 1646 4193 ,a'
1715 4118 2132 4179 nominativi
2198 4124 2476 4180 exstare
2526 4124 2940 4197 correptum.

241 4222 573 4284 Eiusdem
607 4227 837 4283 autem
872 4239 1094 4297 casuS‚
1145 4224 1263 4300 qui
1309 4222 1382 4283 in
1417 4223 1684 4283 Graeco
1733 4241 2055 4285 sermone
2105 4223 2175 4283 in
2223 4224 2339 4299 ,es’
2392 4221 2664 4299 desinit,
2712 4222 2939 4285 forma

241 4326 578 4389 Paulinus
641 4327 866 4389 utitur
927 4332 996 4389 et
1043 4327 1384 4405 producta
1432 4332 1500 4388 et
1549 4333 1873 4406 correpta
1922 4328 2144 4389 vocali
2210 4329 2312 4403 ,a'.
2405 4326 2660 4389 Scribit
2725 4328 2944 4389 enim:

243 4428 486 4501 Niceta
552 4430 767 4509 XVII,
851 4435 968 4489 149
989 4429 1065 4511 ¹);
1139 4428 1454 4513 propheta
1515 4431 1627 4505 VI,
1713 4436 1851 4495 147.
1942 4432 2317 4493 Vocativus
2384 4437 2613 4495 autem
2680 4437 2938 4495 exstat:

423 4606 654 4613 —-.—-——

453 4710 494 4771 ¹)
551 4706 872 4759 Hartelium
935 4716 1156 4760 secutus
1211 4711 1460 4761 numeris
1507 4708 1770 4761 Arabicis
1836 4710 2145 4761 voluminis
2206 4710 2427 4767 XXIX„
2492 4724 2602 4773 quo
2666 4712 2943 4774 epistulae

243 4798 620 4860 continentur,
659 4797 911 4861 paginas,
965 4798 1215 4848 numeris
1253 4798 1466 4849 Latinis
1503 4798 1813 4848 voluminis
1858 4799 2023 4849 XXX.
2063 4799 2333 4858 carmina,
2392 4798 2643 4848 numeris
2683 4799 2943 4851 Arabicis

243 4884 474 4946 utrique
510 4882 744 4934 adiectis
783 4897 1048 4935 versuum
1086 4898 1350 4935 numeros
1385 4885 1742 4947 significabo.

2670 4988 2730 5041 1*
