3567 5109
1445 331 1915 395 —147-

324 523 577 586 iudicia
639 531 708 587 et
765 524 1232 588 dissensiones
1280 527 1658 604 respiciens
1706 523 2193 605 exposuerit’1)
2241 543 2379 588 non
2436 542 2632 604 neg0,
2682 525 2803 586 sed
2851 525 3029 588 hunc

324 629 633 691 libellum
709 647 848 692 non
906 628 1188 692 Caecilii
1241 636 1479 706 artem,
1556 631 1679 693 sed
1747 629 1925 694 Celsi
1994 629 2473 693 Institutiones
2539 629 2753 691 fuisse
2820 629 3027 692 adfir-

325 733 679 796 maverim.
747 733 966 806 Quem
1035 735 1117 797 de
1182 737 1544 798 rhetorum
1611 735 2153 814 quaestionibuS‚
2212 735 2295 797 de
2354 734 2609 813 quibus
2656 734 3027 813 ApoHodo·

323 855 445 901 rus
509 846 578 901 et
627 840 1035 902 Theodorus
1097 843 1392 903 maxime
1465 840 1987 918 contendebant,
2050 839 2263 902 veluti
2321 840 2405 902 de
2450 839 2587 901 his:
2635 840 2810 901 sitne
2858 857 3028 901 sem-

323 963 450 1024 per
493 944 936 1022 narrandum,
985 946 1163 1007 sitne
1221 946 1460 1024 utique
1526 947 1832 1008 narratio
1895 946 2254 1025 prooemio
2320 943 2738 1021 subicienda,
2804 943 3027 1022 egisse

325 1055 596 1113 constat
641 1055 849 1128 atque
897 1050 1397 1123 Quintilianum
1447 1053 1594 1114 eius
1627 1051 1925 1130 vestigia
1958 1068 2275 1131 premere
2308 1066 2521 1129 supra
2552 1049 3028 1112 demonstrare

324 1155 576 1218 studui.
641 1154 915 1218 Celsum
963 1162 1188 1219 autem
1237 1159 1485 1219 horum
1515 1158 1874 1218 rhetorum
1922 1158 2123 1218 etiam
2158 1154 2438 1218 nomina
2468 1154 2777 1217 attulisse
2824 1171 3027 1216 nemo

325 1260 624 1338 negabit,
672 1263 790 1339 qui
837 1263 984 1323 eius
1029 1262 1377 1324 scribendi
1425 1261 1764 1324 rationem
1815 1260 2251 1340 spectaverit.

530 1365 702 1426 Tum
751 1383 1009 1442 eorum,
1059 1385 1233 1446 quae
1281 1366 1519 1429 Celsus
1579 1367 1666 1429 de
1698 1362 2156 1450 probatione
2204 1364 2457 1442 docuit,
2506 1381 2591 1426 ex
2639 1364 3025 1444 fragmento

330 1475 423 1532 10.
471 1475 538 1532 et
583 1489 668 1533 ex
711 1471 865 1533 Iulii
910 1470 1256 1534 Severiani
1304 1472 1540 1535 libello
1589 1472 1924 1552 quaedam
1974 1489 2215 1535 eruere
2262 1488 2646 1551 possumus.
2694 1470 2797 1530 Ex
2847 1468 3024 1546 frag-

323 1580 552 1636 mento
585 1581 706 1652 10„
739 1578 798 1638 si
832 1576 917 1638 de
949 1577 1098 1639 eius
1129 1577 1432 1656 genuina
1464 1578 1758 1640 lectione
1790 1583 1978 1640 recte
2025 1576 2279 1648 iudic0,
2316 1575 2589 1639 Celsum
2638 1593 2794 1637 cum
2826 1593 3023 1653 argu-

322 1684 548 1740 menta
592 1680 984 1742 accuratius
1029 1685 1365 1744 tractasse
1411 1686 1558 1744 tum
1607 1682 1957 1744 clarorum
1989 1683 2350 1744 rhetorum
2384 1678 2761 1742 sententias
2792 1695 3023 1742 recen·

322 1783 542 1845 suisse
590 1783 912 1847 efficitur.
978 1784 1111 1857 Qui
1158 1787 1288 1849 hoc
1335 1785 1490 1849 loco
1539 1785 1764 1864 Valgii
1810 1785 2327 1865 epichirematis
2382 1785 3021 1863 interpretationem

321 1891 666 1966 tamquam
731 1893 958 1953 minus
1024 1895 1248 1971 aptam
1314 1892 1664 1970 improbat
1729 1891 1941 1971 idque
1997 1887 2227 1968 iure‘),
2272 1895 2352 1951 ut
2396 1907 2481 1952 ex
2527 1890 2747 1967 ipsius
2792 1888 3023 1951 verbis

321 1992 757 2073 intellegitur.
805 1993 958 2066 Quo
1008 2014 1092 2057 ex
1157 1995 1311 2058 loco
1370 1994 1574 2057 simul
1641 1995 2131 2074 cognoscimus
2178 1993 2573 2056 Meisterum
2623 1993 2693 2055 in
2740 1991 3023 2064 Quintil.

322 2096 377 2158 V
425 2103 528 2175 10,
599 2105 678 2158 10
743 2118 882 2162 non
951 2105 1140 2162 recte
1190 2099 1370 2163 Celsi
1435 2118 1686 2162 nomen
1732 2101 2127 2162 inseruisse.
2175 2097 2655 2177 Corruptelam
2700 2097 2823 2159 illo
2865 2099 3019 2159 loco

319 2202 604 2264 subesse
649 2207 854 2281 atque
917 2203 1180 2283 aliquid
1244 2203 1584 2266 excidisse
1632 2208 1945 2285 apparet3
2015 2203 2311 2266 fortasse
2370 2204 2532 2264 haec
2578 2200 2824 2264 lacuna
2870 2207 3020 2264 orta

319 2311 438 2383 est,
471 2306 662 2385 quod
693 2308 1110 2371 vocabulum
1147 2304 1474 2390 ‘probatio‘
1511 2309 1752 2371 eodem
1789 2326 1949 2371 casu
1983 2309 2177 2371 brevi
2209 2305 2575 2370 intervallo
2608 2311 3019 2383 recurrerat,
3130 2367 3137 2376 ,

318 2417 392 2472 ut
423 2409 750 2474 facillime
771 2412 927 2476 fieri
958 2413 1280 2493 potuerit,
1314 2419 1388 2475 ut
1412 2412 1742 2476 librarius
1775 2414 2071 2494 apriore
2106 2431 2277 2476 voce
2312 2407 2805 2492 ‘pv-obationem’,
2844 2429 3017 2491 quae

318 2517 464 2579 sine
521 2516 735 2580 dubio
794 2518 1244 2596 desideratur,
1301 2520 1652 2582 aberraret
1712 2520 1801 2581 ad
1862 2520 2167 2581 alteram.
2235 2517 2389 2580 Hoc
2439 2517 2649 2580 modo
2702 2515 3017 2578 evenisse

318 2621 614 2698 videtur,
659 2627 737 2684 ut
783 2623 1148 2703 scriptoris
1196 2623 1557 2688 cuiusdam
1603 2624 1833 2688 Latini
1878 2641 2129 2686 nomen
2178 2620 2642 2697 intercideret,
2690 2621 2778 2682 ad
2825 2622 3015 2700 quod

315 2725 678 2789 referenda
733 2733 894 2790 sunt
951 2727 1068 2790 illa
1124 2729 1316 2791 Fabii
1361 2729 1574 2791 verba
1621 2729 1706 2806 (V
1743 2736 1840 2805 10,
1876 2727 2015 2804 11):
2066 2725 2316 2808 dynam
2360 2731 2594 2800 autem,
2642 2719 2839 2809 quod
2881 2719 3016 2783 ille

318 2826 686 2890 indicium
731 2838 964 2894 vocat.
1031 2832 1355 2895 Attamen
1431 2831 1612 2896 Celsi
1678 2851 1929 2896 nomen
1996 2831 2271 2894 restitui
2338 2849 2478 2893 non
2524 2833 2787 2910 potest;
2858 2843 3013 2890 nam

315 2934 446 3011 ille,
478 2937 674 2997 cuius
695 2935 1157 3008 Quintilianus
1193 2941 1612 3000 mentionem
1634 2936 1820 3014 facit,
1852 2935 2327 3016 adgressionis
2360 2932 2819 3015 appellatione
2850 2951 3015 2994 usus

316 3047 488 3104 erat:
527 3089 574 3102 ..
595 3087 609 3102 .
631 3036 1086 3120 probationem,
1104 3039 1436 3116 indicium,
1477 3038 1698 3120 fidem,
1742 3037 2305 3125 adgressionem
2345 3035 2617 3099 eiusdem
2635 3037 2735 3097 rei
2756 3037 3015 3098 nomina

297 3142 531 3230 facit⁸)
565 3181 645 3190 —
682 3163 884 3224 quam
921 3165 959 3208 a
993 3145 1193 3209 Celso
1228 3151 1547 3210 reiectam
1583 3165 1734 3210 esse
1769 3165 1923 3209 cum
1948 3165 2033 3208 ex
2067 3146 2271 3208 huius
2316 3143 2689 3224 fragmenti
2736 3149 2879 3205 tum
2928 3160 3011 3206 ex

315 3251 688 3331 fragmenti
735 3255 834 3312 20.
904 3253 1008 3313 his
1055 3252 1290 3314 verbis
1355 3255 1578 3315 conici
1643 3257 1905 3331 potest:
2148 3245 2396 3310 Cel-sue.-
2438 3266 2583 3308 nam
2634 3265 3017 3332 consequens

313 3375 395 3415 an
460 3353 920 3437 epichirema
981 3353 1064 3415 sit
1117 3352 1441 3434 dubitat⁴).
1519 3355 1824 3430 Accedit,
1873 3357 2060 3435 quod
2108 3354 2399 3430 Celsum,
2458 3353 2579 3433 qui
2625 3353 3011 3415 accuratius

315 3459 398 3522 de
459 3461 810 3523 rhetorica
883 3461 1167 3540 scripsit
1245 3479 1584 3540 quemque
1651 3460 1944 3523 subtiles
2012 3461 2454 3538 quaestiones
2517 3462 2848 3521 tractasse
2925 3475 3010 3519 ex

313 3565 723 3645 fragmentis
791 3569 954 3629 satis
1021 3565 1468 3644 intellegitur,
1533 3568 1654 3628 has
1718 3583 1830 3627 res
1897 3563 2296 3627 confudisse
2342 3565 2461 3625 vix
2526 3567 2757 3643 potest
2804 3562 3008 3624 credi.

313 3669 444 3733 Sed
491 3687 668 3748 quae
699 3689 902 3734 causa
948 3678 1070 3748 est,
1118 3689 1245 3732 cur
1291 3671 1431 3732 Val
1447 3670 1562 3749 gii
1612 3689 1879 3748 nomen,
1917 3671 2035 3749 qui
2081 3669 2320 3732 rhetor
2368 3667 2789 3748 epichirema
2837 3685 3009 3728 voce

311 3771 736 3856 odyn-essionis
768 3776 990 3851 vertit,
1025 3777 1390 3837 restituere
1427 3775 1866 3837 dubitemus?
1901 3775 2101 3836 Nulla
2134 3792 2319 3850 sane;
2368 3775 2529 3851 quin
2580 3775 2782 3834 etiam
2828 3773 3009 3832 hunc

309 3880 716 3958 scriptorem
764 3878 916 3942 illas
948 3899 1158 3942 voces
1191 3883 1585 3959 promiscue
1617 3898 1992 3960 usurpasse
2038 3883 2182 3941 veri
2216 3879 2435 3940 simile
2483 3883 2601 3952 est,
2648 3893 2802 3938 cum
2852 3894 3006 3937 eum

312 3983 651 4046 didactico
707 3987 1010 4047 carmine
1057 3985 1480 4048 rhetoricam
1524 3990 1855 4048 tractasse
1902 3985 1992 4046 sit
2025 3983 2468 4064 probabi105).
2533 3980 2637 4043 Ad
2688 3979 3004 4058 Valgium

309 4089 524 4166 igitur
585 4093 880 4168 poetam,
947 4091 1066 4168 qui
1131 4089 1330 4151 metri
1395 4107 1606 4152 causa
1669 4093 1925 4152 maiore
1990 4089 2267 4151 licentia
2301 4087 2437 4149 -uti
2502 4094 2781 4148 coactus
2840 4091 3005 4159 erat,

310 4191 717 4263 Quintiliani
765 4195 982 4256 verba
1031 4193 1434 4270 referemuS,
1481 4212 1919 4274 nequaquam
1971 4200 2195 4256 autem
2246 4193 2330 4254 ad
2364 4189 2658 4266 Celsum,
2710 4191 2827 4268 qui
2892 4206 3003 4250 res

309 4313 582 4376 semper
629 4296 772 4359 fere
821 4297 1146 4361 distincte
1195 4298 1632 4377 significavit.

515 4489 553 4550 1)
590 4489 629 4540 1.
667 4501 707 4539 s.
747 4503 802 4550 p.
841 4490 924 4538 38.

513 4575 554 4638 ²)
594 4575 662 4629 cf.
702 4575 1038 4627 Volkmann.
1079 4589 1133 4638 p.
1176 4577 1289 4626 195.

516 4661 558 4723 ⁸)
595 4662 642 4713 V
682 4665 764 4730 10,
803 4665 883 4714 10.

515 4753 556 4816 ⁸)
593 4751 662 4802 cf.
700 4765 754 4814 p.
797 4753 912 4804 120.

515 4839 554 4902 ⁵)
594 4839 664 4893 cf.
707 4839 972 4896 Ritsohel.
1012 4839 1114 4902 Op.
1157 4839 1246 4896 111
1285 4839 1414 4902 ²693
1453 4838 1678 4898 Sueton.
1721 4839 1804 4894 ed.
1847 4837 2171 4896 Reiffersch.
2211 4851 2263 4908 p.
2304 4837 2419 4890 529.
2757 4917 2785 4958 Ι,

2680 4923 2743 4977 10
