3567 5109
1714 224 2203 286 —120—

600 439 849 518 putem.
896 434 1263 519 Quominus
1310 435 1485 500 enim
1532 434 1890 500 Pacuvium
1937 436 2147 519 magis
2197 455 2394 519 quam
2441 441 2692 500 ceteros
2739 434 3086 518 exemplar
3127 431 3332 501 Grae-

596 563 821 607 corum
865 541 1229 625 respexisse
1276 543 1738 621 existimemuS,
1780 542 1854 606 id
1895 541 2133 621 obstat,
2184 541 2362 626 quod
2397 543 2467 606 in
2505 541 2637 608 alia
2679 563 2944 628 quoque
2980 563 3054 608 re
3096 542 3194 607 ad
3229 563 3334 607 eos

596 670 668 714 se
712 671 851 714 non
898 649 1275 732 applicavit,
1327 671 1725 732 quamquam
1781 649 1853 713 id
1900 647 2148 714 Accius
2207 647 2382 714 fecit.
2475 647 2640 714 Cum
2685 650 2922 734 tragici
2971 647 3232 716 Graeci
3271 651 3334 714 in

596 757 874 823 dimetro
930 758 1361 839 anapaestico
1420 763 1574 840 post
1620 756 1958 840 dipodiam
2011 757 2296 839 priorem
2343 756 2671 821 diaeresin
2719 777 2852 821 non
2895 757 3334 840 neglexerint,

598 863 947 944 Pacuvius,
974 871 1052 929 ut
1078 864 1175 928 ait
1200 863 1456 930 Marius
1476 863 1860 931 Victorinus
1891 863 2018 930 GL
2046 863 2150 931 VI
2183 865 2294 929 77:
2333 865 2554 928 noluit
2583 865 2768 928 intra
2803 864 2990 929 binos
3013 867 3227 950 pedes
3248 917 3262 928 .
3287 911 3333 926 ..

592 973 794 1056 finire
838 993 1123 1053 sensum,
1169 973 1282 1036 sed
1322 973 1681 1036 secundum
1725 971 2118 1056 Euripidem
2161 971 2556 1056 dactylicum
2588 977 2890 1052 metrum,
2937 973 3124 1055 quod
3155 973 3330 1056 apel-

597 1081 791 1161 latur,
838 1079 1123 1159 induxit,
1164 1083 1242 1142 ut
1274 1078 1569 1142 ‘nominis
1604 1079 1988 1162 (numeris
2017 1077 2298 1160 Hauler)
2333 1079 2613 1142 mutatio
2648 1078 3094 1143 diversitatem
3134 1077 3334 1144 daret.

602 1185 830 1270 Atque
858 1207 929 1250 re
959 1206 1130 1263 vera,
1158 1184 1533 1268 fragmenta
1562 1184 1613 1248 si
1656 1190 2160 1266 perscrutamur,
2200 1183 2381 1267 apud
2410 1204 2558 1247 eum
2586 1205 2666 1248 ex
2694 1183 3002 1248 undecim
3029 1183 3332 1248 dimetris

598 1294 779 1376 (226,
819 1293 973 1370 256,
1014 1293 1163 1369 257,
1206 1293 1357 1370 259,
1396 1291 1550 1369 260,
1590 1292 1743 1368 261,
1793 1291 1945 1370 263,
1985 1293 2137 1370 264,
2178 1291 2329 1369 266,
2371 1293 2520 1369 350,
2559 1292 2716 1374 351)
2763 1291 2916 1354 sex¹
2954 1292 3146 1374 (256,
3191 1291 3334 1366 257,

596 1401 749 1476 261,
796 1399 946 1477 266,
996 1399 1148 1476 350,
1198 1399 1357 1479 351)
1406 1396 1685 1461 diaeresi
1732 1401 1980 1476 carent,
2041 1402 2112 1461 at
2156 1394 2405 1461 Accius
2461 1397 2529 1461 in
2579 1397 2664 1462 36
2709 1397 2982 1480 integris
3029 1397 3334 1462 dimetris

594 1505 697 1570 bis
745 1507 881 1590 (80,
930 1506 1087 1586 532)
1134 1503 1365 1568 eadem
1412 1503 1679 1568 licentia
1723 1525 1882 1568 usus
1928 1511 2046 1568 est.

813 1610 1119 1677 Ceterum
1147 1610 1509 1675 Pacuvium
1555 1611 1870 1676 maiorem
1909 1630 2132 1675 curam
2169 1631 2247 1675 ac
2285 1609 2695 1693 diligentiam
2722 1611 2792 1676 in
2818 1631 2959 1676 rem
2987 1611 3334 1675 metricam

596 1719 997 1802 :impendisse
1044 1723 1111 1782 et
1157 1716 1480 1782 facilitate
1528 1717 1953 1800 sollertiaque
2001 1737 2222 1782 versus
2276 1717 2611 1800 pangendi
2655 1716 2867 1783 Accio
2915 1718 3328 1800 praestitisse

596 1825 833 1892 Cicero
896 1826 1041 1908 ipse
1104 1823 1301 1892 fidem
1356 1823 1539 1902 facit,
1605 1825 1715 1908 qui
1771 1825 1842 1888 in
1890 1823 2004 1890 Or.
2055 1823 2095 1909 ξ
2143 1825 2228 1888 36
2287 1824 2618 1907 quendam
2663 1825 3019 1888 Pacuvium
3063 1822 3328 1908 praedi-

600 1939 858 1998 cantem
904 1931 1089 2011 facit,
1140 1931 1317 2015 quod
1362 1952 1583 1996 omnes
1625 1983 1637 1996 .
1685 1982 1697 1996 .
1749 1931 1972 1995 ornati
2013 1931 2446 2014 elaboratique
2489 1936 2650 1995 sunt
2691 1953 2935 1996 versus,
2985 1931 3068 1996 In
3115 1929 3326 1996 Accio

602 2040 817 2104 minus
847 2038 1053 2103 fuisse
1091 2037 1287 2102 limae
1330 2037 1429 2102 vel
1466 2059 1545 2102 ex
1576 2058 1651 2102 eo
1685 2037 2156 2119 cognoscimuS,
2195 2037 2372 2121 quod
2397 2038 2467 2101 in
2499 2035 2756 2102 duobus
2786 2037 3098 2120 deinceps
3131 2037 3326 2101 versi·

598 2145 723 2210 bus
786 2144 1224 2228 anapaesticis
1282 2145 1439 2227 (520
1486 2147 1615 2229 sq.)
1672 2143 2003 2227 dactylum
2055 2143 2509 2218 irrationalem
2567 2165 2712 2209 cum
2759 2151 3125 2228 anapaesto
3177 2163 3322 2208 con·

600 2251 874 2317 sociavit
900 2252 981 2334 (..
1008 2267 1061 2316 φ
1092 2299 1145 2316 ψ
1199 2299 1251 2316 ψ
1280 2300 1332 2316 a
1360 2251 1459 2333 L),
1490 2250 1559 2314 id
1590 2250 1769 2334 quod
1799 2249 2032 2333 reliqui
2061 2257 2298 2333 poetae
2327 2271 2462 2316 non
2481 2251 2743 2316 omnino
2766 2251 3028 2333 quidem
3059 2269 3326 2334 respue-

600 2366 773 2438 mnt,
812 2357 931 2423 sed
966 2358 1205 2422 iterare
1242 2356 1610 2436 noluerunt,
1646 2379 1727 2422 ne
1766 2377 1988 2422 versus
2027 2356 2342 2422 salebrosi
2369 2358 2620 2423 fierent.
2653 2358 2883 2441 Neque
2911 2358 2984 2423 id
3009 2358 3324 2423 iudicium

598 2487 677 2531 eo
715 2463 1089 2543 inflectitur,
1120 2463 1307 2546 quod
1346 2463 1565 2543 semel,
1600 2471 1675 2528 ut
1708 2464 1824 2529 Fr.
1857 2465 2052 2529 Marx
2088 2465 2687 2549 (Pauly-wissowa
2723 2488 2774 2530 s.
2805 2487 2863 2530 v.
2893 2463 3174 2552 Accius)
3213 2463 3319 2528 ob-

598 2573 897 2652 servavit,
942 2571 1235 2636 Terentii
1282 2591 1537 2634 versum
1584 2570 1878 2655 legitima
1923 2592 2198 2636 caesura
2243 2578 2572 2636 carentem
2620 2570 2782 2656 (Ad.
2821 2575 2951 2639 470
2991 2570 3326 2657 persuasit

599 2703 750 2764 nox,
788 2701 993 2762 amor,
1032 2679 1285 2760 vinu-m,
1322 2680 1786 2764 adulescentia)
1831 2679 2152 2744 imitando
2200 2677 2325 2744 sibi
2373 2677 2715 2744 videbatur
2761 2679 3118 2744 correxisse
3169 2677 3322 2762 (349

590 2787 930 2874 persuasit
970 2807 1244 2869 maeror,
1290 2785 1631 2869 anaeiiudO,
1678 2808 1877 2868 error,
1923 2788 2148 2869 dolor).

814 2911 960 2976 Iam
1006 2909 1093 2975 ad
1132 2913 1621 2992 prosodiam
1664 2931 1788 2974 nos
1833 2916 2177 2974 vertamus·
2244 2909 2327 2974 In
2365 2908 2492 2974 hac
2531 2929 2788 2993 quoque
2835 2909 2907 2973 in
2951 2909 3322 2973 universum

597 3040 759 3084 usus
804 3017 1155 3082 Plautinus
1204 3015 1772 3099 Terentianusque
1821 3017 2156 3096 retinetur,
2206 3015 2383 3080 velut
2425 3016 2644 3098 prisca
2689 3035 2997 3080 mensura
3040 3012 3324 3098 confieri

602 3125 662 3190 P
685 3127 811 3190 180
857 3124 929 3188 in
976 3122 1273 3188 clausula
1321 3124 1579 3200 mansit,
1629 3121 1844 3188 medio
1882 3123 1952 3187 in
1989 3143 2177 3187 versu
2217 3127 2519 3204 correpta
2555 3121 2774 3186 forma
2803 3120 3090 3186 occurrit
3115 3120 3176 3184 P
3199 3119 3317 3184 182

602 3234 663 3297 A
723 3237 779 3295 te
828 3231 1160 3314 fisndareo
1222 3230 1376 3313 fieri
1427 3231 1905 3294 emetumeliam.
2003 3228 2256 3295 Contra
2309 3251 2357 3293 u
2409 3229 2633 3311 stirpis
2686 3228 2817 3314 fu-,
2879 3227 3058 3312 quod
3103 3226 3322 3292 Ennio

599 3337 840 3419 longae
904 3336 1115 3401 instar
1170 3341 1269 3399 est
1330 3336 1401 3400 in
1462 3357 1649 3400 versu
1708 3334 1824 3400 illo
1875 3337 2009 3401 Nos
2061 3359 2296 3402 sumus
2341 3336 2647 3417 Romani,
2702 3335 2822 3420 qui
2871 3335 3132 3418 fuimus
3175 3337 3324 3398 ante

602 3442 882 3520 Rudini,
930 3462 1191 3524 semper·
1228 3439 1425 3505 breve
1464 3447 1582 3521 est,
1624 3440 1709 3506 cf.
1749 3442 1809 3507 P
1834 3444 1980 3521 116,
2015 3443 2180 3522 375;
2228 3439 2295 3506 Α
2319 3444 2466 3520 132,
2503 3443 2654 3520 274,
2685 3442 2837 3520 310,
2869 3443 3018 3507 474.
3065 3438 3322 3504 Deinde

602 3571 671 3614 -o
707 3565 1030 3632 personae
1068 3548 1317 3630 primae
1357 3546 1626 3630 longum
1666 3554 1783 3626 est,
1821 3549 1904 3612 cf.
1941 3548 2148 3613 P240
2191 3549 2414 3614 Sentio
2441 3553 2634 3634 pater
2665 3599 2678 3614 .
2725 3599 2739 3612 .
2787 3567 2838 3625 .,·
2881 3567 3096 3630 neque
3131 3565 3322 3630 repu-

604 3662 768 3740 gnat
801 3677 859 3719 v.
900 3657 1029 3719 294
1064 3655 1191 3719 Sed
1222 3656 1435 3718 neseio
1463 3656 1625 3740 quid
1657 3677 1840 3719 nune
1875 3661 1998 3735 θεὴ·
2047 3676 2202 3722 nam
2242 3654 2500 3719 adiecto
2530 3655 2914 3737 pronomine
2943 3654 3111 3739 quis,
3149 3651 3317 3738 quid,

602 3764 777 3848 quod
818 3767 1089 3844 propter
1134 3759 1407 3824 enclisin
1452 3761 1522 3824 in
1568 3763 1779 3826 nesm‘o
1814 3760 2042 3825 ultima
2085 3780 2340 3845 semper
2384 3759 2731 3825 breviatur.
2795 3759 2965 3825 Tum
3012 3763 3320 3843 sequente

604 3875 789 3934 muta
826 3889 975 3932 cum
1000 3866 1269 3949 liquida
1303 3873 1379 3930 ut
1414 3866 1598 3951 apud
1634 3874 1885 3932 ceteros
1924 3868 2258 3932 scaenicos
2294 3867 2509 3932 brevis
2545 3888 2887 3950 nunquam
2926 3865 3317 3950 producitur,

602 3975 731 4039 nisi
768 3975 945 4040 vocis
984 3973 1193 4038 exitus
1240 3973 1595 4051 intercidit,
1639 3973 1817 4040 velut
1852 3971 1919 4038 A
1941 3976 2069 4039 394
2107 3975 2277 4038 Ruit
2308 3976 2623 4059 prolapsa
2657 3976 2951 4058 pemque,
2988 3971 3320 4056 resparyit,

600 4083 811 4166 reflat.
906 4080 989 4144 In
1052 4079 1329 4162 dactylis
1392 4099 1543 4145 vero
1598 4078 1845 4145 Accius
1899 4079 2188 4144 Ennium
2243 4077 2449 4162 (Arm.
2495 4081 2624 4144 474
2670 4078 2936 4147 Vahlen
2957 4079 3010 4162 2)
3065 4083 3316 4142 secutus

604 4195 724 4268 est,
781 4209 821 4252 a
868 4207 998 4268 quo
1049 4185 1275 4251 Servio
1330 4191 1496 4251 teste
1552 4188 1623 4250 in
1668 4187 1841 4250 Aen.
1889 4185 1992 4252 IV
2040 4189 2170 4251 404
2215 4184 2602 4250 versiculum
2657 4186 2714 4249 it
2763 4186 3034 4268 myrum
3077 4182 3322 4268 eampis

600 4316 837 4380 aymen
882 4292 972 4356 ad
1016 4293 1287 4359 verbum
1334 4299 1670 4358 mutuatus
1716 4299 1834 4357 est.
1891 4291 2078 4357 Idem
2123 4293 2372 4374 prim-us
2420 4291 2717 4357 Graecos
2761 4291 3130 4356 aemulatus
3173 4309 3316 4372 pro·

607 4400 985 4465 ductionem
1034 4399 1373 4464 encliticae
1424 4421 1574 4483 -que
1609 4401 1677 4463 in
1718 4400 1950 4482 quinta
1985 4399 2118 4463 arsi
2157 4398 2516 4462 hexametri
2553 4397 2679 4462 sibi
2715 4396 3010 4476 indulsit,
3047 4403 3124 4460 ut
3157 4395 3251 4480 fg.
3280 4394 3314 4456 2

604 4506 852 4572 Baehr.
902 4505 1282 4570 declaratur
1322 4507 1577 4570 calones
1610 4506 1980 4590 famulique
2015 4506 2412 4588 metallique
2448 4505 2844 4588 caudaeque,
2893 4523 3090 4586 quam
3125 4500 3316 4566 licen·

820 4715 865 4782 ¹)
902 4715 1045 4770 Nam
1082 4717 1141 4768 in
1174 4733 1229 4768 v.
1254 4714 1363 4769 283
1400 4713 1657 4783 Retinete,
1694 4715 1892 4769 tenete!
1925 4714 2194 4784 opprimit
2239 4715 2396 4770 ulcus
2433 4715 2572 4768 latet
2611 4715 2876 4768 diaeresis
2909 4714 2970 4768 in
3005 4713 3254 4766 elisione.
