3567 5109
609 1449 716 1529 11.
773 1446 916 1527 De
970 1444 1266 1529 variis
1321 1446 1584 1547 apud
1621 1441 2149 1525 Paulinum
2202 1442 2545 1525 metris
2599 1441 3209 1545 legibusque,

1275 1586 1520 1669 quas
1575 1566 1676 1647 in
1731 1565 1870 1647 eis
1926 1569 2320 1647 secutus
2376 1569 2549 1648 est.

765 1782 935 1845 Rem
977 1782 1415 1862 propositam
1462 1781 1558 1843 ita
1605 1778 2071 1857 absolvemus,
2117 1785 2196 1842 ut
2228 1779 2536 1860 primum
2569 1797 2856 1859 agamus
2888 1774 2964 1840 de
2993 1775 3267 1863 sinyulis

555 1881 843 1969 pedibu-3,
907 1884 1162 1949 deinde
1221 1880 1299 1946 do
1358 1902 1654 1945 versuum
1716 1878 2191 1965 dactylicorum,
2264 1880 2695 1960 iambicorum,
2764 1878 3267 1967 loyaoedicorum

563 2010 866 2051 caemra-

1401 2127 1465 2209 1.
1523 2124 1632 2211 De
1686 2123 2031 2231 singulis
2084 2123 2435 2234 pedibus.

776 2302 878 2379 ,In
925 2299 1242 2371 heroico
1272 2318 1507 2371 versu
1540 2302 1647 2365 vel
1678 2303 1919 2383 pueris
1951 2297 2308 2382 notumst',
2354 2302 2647 2366 Mueller
2696 2304 2787 2383 (p.
2832 2303 2982 2382 149)
3030 2304 3280 2383 inquit,

565 2408 924 2490 ,optimam
971 2412 1298 2472 constare
1361 2409 1704 2473 rationem
1770 2426 2221 2472 numerorum
2296 2408 2539 2472 mixtis
2606 2409 2905 2489 dactylis
2952 2416 3025 2472 et
3072 2428 3281 2491 spon-

567 2513 734 2590 deis,
797 2530 926 2594 par
989 2520 1070 2576 ut
1132 2513 1454 2593 utrisque
1516 2514 1716 2577 oedat
1779 2532 2111 2578 numerus
2157 2513 2427 2594 pedum.
2518 2512 2761 2587 Qualis
2818 2516 2877 2577 si
2926 2516 3284 2595 spernitur

569 2618 1045 2698 aequabilitas,
1111 2623 1230 2680 aut
1275 2617 1541 2682 fractus
1587 2618 1796 2681 nimis
1844 2624 1911 2683 et
1956 2617 2187 2681 mollis
2234 2624 2353 2681 aut
2398 2618 2617 2681 durus
2676 2624 2746 2681 et
2795 2624 3093 2682 onustus
3139 2622 3283 2683 exi-

569 2728 706 2785 stet
737 2722 1140 2805 rhythmus!
1175 2724 1444 2802 ,Itaque
1488 2722 1675 2804 apud
1708 2722 2015 2803 optimos
2059 2722 2237 2786 hanc
2282 2722 2432 2785 fere
2479 2721 2696 2785 fuisse
2741 2723 3283 2803 proportionem

575 2828 952 2904 existimes,
1017 2833 1097 2890 ut
1162 2845 1246 2891 ex
1311 2827 1588 2891 octonis
1653 2828 2057 2909 septenisve
2122 2827 2421 2907 pedibus
2486 2828 2670 2889 terni
2719 2810 3285 2908 essent'daotyli,

571 2932 756 3013 apud
802 2932 1210 3009 deteriores,
1255 2938 1333 2995 ut
1378 2952 1465 2997 ex
1513 2934 1702 3005 senis
1733 2932 1902 3011 bini,
1950 2933 2164 2996 ceteri
2197 2932 2513 3014 spondei,
2560 2950 2716 2994 cum
2753 2932 2941 3012 apud
2974 2930 3284 2995 Graecos

573 3038 974 3099 contrarius
1021 3037 1376 3101 obtineret
1421 3038 1773 3102 modulus’
1828 3037 1919 3117 (p.
1968 3038 2137 3115 151).
2185 3037 2266 3098 In
2315 3036 2587 3099 Paulini
2643 3036 3065 3099 hexametris
3117 3042 3283 3099 6219

571 3176 657 3186 —
704 3160 844 3204 non
891 3142 1343 3206 adnumeravi
1390 3142 1686 3205 disticha
1733 3178 1809 3186 -—
1866 3141 1994 3203 hos
2043 3141 2278 3204 inveni
2324 3160 2691 3204 numeros:

629 3532 842 3596 dactyli
929 3570 1220 3585 .....
3016 3533 3179 3584 :9371
3276 3513 3282 3534 '

627 3672 868 3735 spondei
931 3708 1222 3725 .....

790 3916 900 3979 Ex
933 3916 1190 3997 quibus
1227 3919 1535 3981 numeris
1578 3918 1799 3998 liquet
1832 3917 2204 3980 Paulinum
2252 3916 2360 3979 vel
2397 3918 2823 3997 optimorum
2856 3922 3221 3997 poetarum
3237 3915 3285 3993 ι)

579 4021 928 4085 rationem
973 4039 1330 4103 superare.
1376 4022 1531 4085 Hoc
1580 4022 1865 4102 quidem
1911 4022 2168 4085 mirum
2216 4039 2357 4083 non
2404 4026 2529 4098 est,
2576 4022 2766 4100 quod
2813 4021 2975 4083 huie
3021 4021 3291 4101 poetae,

791 4196 832 4255 ¹)
869 4194 1036 4257 Apud
1071 4196 1390 4262 Vergilium
1426 4195 1682 4247 invenies
1717 4196 1809 4259 (ef.
1848 4196 1925 4245 La
1962 4194 2167 4256 Roche.
2202 4194 2365 4246 Stud.
2400 4194 2566 4245 Vind.
2606 4194 2819 4251 XXIII.
2860 4194 3010 4257 126):

540 4307 3026 4386 ww
1300 4321 1308 4426 ι
1457 4349 1479 4388 1
1629 4319 2624 4430 mum
2772 4350 2809 4388 v
3279 4326 3285 4456 ι

639 4550 901 4613 dactylos
941 4587 1230 4603 .....

1726 4553 1865 4602 4627

2058 4555 2195 4604 3929
2390 4552 2525 4603 2693
2720 4553 2857 4602 9814
3014 4551 3116 4600 269
3124 4552 3189 4600 75

2788 4690 2855 4741 25

637 4690 922 4751 spondeos
1012 4726 1024 4738 .
1081 4727 1093 4739 .
1149 4726 1164 4740 .
1219 4726 1233 4739 .
1727 4690 1867 4743 5212

2060 4692 2196 4742 5910

2386 4691 2527 4741 ‘1146

3280 4569 3286 4608 Ι

3012 4690 3187 4740 22220
3280 4615 3287 4768 l

3280 4795 3289 4859 Ι
