3567 5109
1514 359 1609 386 -.-.
1692 325 1815 388 179
1909 361 1991 370 -

404 519 772 598 indignum
819 523 926 580 est
975 524 1327 587 auctorem
1361 518 1450 584 ad
1495 517 1570 583 O.
1602 517 2036 594 Herennium
2082 517 2627 589 enumerationis
2659 519 3109 582 historiarum

407 641 784 688 memorem
825 641 971 690 non
1019 639 1188 686 esse.
1237 622 1401 686 Sed
1465 622 1632 685 haec
1671 621 1779 689 de
1847 620 2365 702 significatione
2428 617 2727 682 historiae
2798 622 3115 686 adhibita

407 729 777 796 sufficiant.
833 728 1168 796 Versibus
1207 726 1432 807 igitur
1478 727 1770 808 prolatis
1820 746 1973 793 eum
2020 728 2423 792 Iuvenalem
2457 727 2863 800 Quintiliani
2902 745 3115 806 ,quae-

408 834 563 896 dam
627 840 995 913 praecepta
1051 838 1258 912 atque
1312 851 1409 910 ea,
1458 850 1633 913 quae
1683 851 1721 898 a
1769 834 1960 896 nullo
2030 831 2187 910 alio,
2254 833 2488 913 quoad
2534 832 2829 910 scimus,
2874 834 3116 896 Latino

407 940 687 1002 rhetore
743 945 946 1003 antea
1021 939 1452 1020 praescripta
1526 955 1677 1002 esse
1743 940 2001 1013 monui,
2076 943 2407 1025 secutum*
2466 955 2617 1000 esse
2694 937 3119 1014 ostendatur,

407 1044 589 1106 inter
619 1046 799 1107 hunc
831 1051 1108 1123 poetam
1155 1050 1552 1106 saturarum
1585 1049 1654 1107 et
1683 1044 2038 1106 rhetorem
2086 1042 2281 1106 illum
2314 1043 2779 1106 clarissimum
2829 1046 3118 1122 aliquam

410 1148 986 1229 necessitudinem
1003 1217 1015 1228 ,
1034 1149 1516 1227 intercessisse
1563 1149 1958 1222 declaratur
1958 1197 2203 1226 ,,,,,,

497 1299 503 1304 -
615 1255 766 1316 Iam
813 1254 899 1316 de
945 1253 1234 1332 reliquis
1281 1253 1638 1330 rhetorum
1673 1253 1910 1316 verbis
1960 1270 1998 1316 a
2032 1253 2361 1316 Iuvenale
2403 1253 2472 1314 in
2506 1253 2758 1316 saturis
2792 1252 3120 1314 adhibitis

413 1355 808 1436 disputabo,

619 1464 843 1541 Atque
887 1463 1188 1543 primum
1235 1461 1518 1541 quidem
1557 1479 1801 1526 vocem
1848 1457 2025 1524 color
2069 1465 2141 1523 in
2189 1468 2308 1526 sat.
2356 1461 2449 1526 VI
2495 1464 2619 1523 280

415 1655 420 1658 ¹
618 1579 728 1645 dic
771 1579 1051 1666 aliquem
1093 1580 1268 1646 sodes
1311 1579 1436 1660 hic,
1491 1579 1913 1661 Quintiliane,
1962 1579 2227 1644 colorem

416 1692 485 1750 et
530 1688 606 1751 in
646 1693 776 1754 sat.
825 1688 956 1752 VII
1005 1693 1126 1750 155

619 1791 764 1874 quie
815 1788 984 1856 color
1027 1801 1086 1854 et
1129 1789 1294 1876 quod
1337 1791 1424 1855 ait
1471 1812 1702 1855 causae
1743 1812 1943 1876 yemis
1987 1799 2171 1875 atque
2219 1788 2335 1854 ubi
2376 1811 2624 1853 summa
2662 1791 2673 1874 Ι
2712 1792 2993 1875 quaestio
3092 1837 3099 1844 .

397 1899 727 1977 ‘legimus
774 1897 980 1970 Quod
1009 1899 1423 1962 vocabulum
1458 1905 1731 1962 veteres
1763 1900 2085 1962 rhetores
2120 1898 2318 1960 vario
2352 1897 2563 1960 modo
2583 1899 2632 1977 ²)
2682 1899 3129 1978 usurpavisse

413 2003 580 2066 satis
630 2009 923 2066 constat.
2344 2058 2354 2075 ,
2464 2061 2471 2075 .
2510 2066 2521 2074 .
2556 2067 2613 2082 „

621 2108 729 2169 Ex
775 2107 883 2170 his
931 2107 1522 2191 explicationibus
1569 2108 1744 2172 duae
1789 2109 2266 2190 proferantur,
2332 2125 2487 2171 cum
2545 2113 2840 2186 uterque
2886 2126 3129 2170 versus

414 2211 748 2292 praebeat
793 2231 986 2277 suam
1033 2213 1241 2277 huius
1287 2214 1484 2277 verbi
1531 2213 2132 2293 significationem.
2194 2213 2502 2275 Primum
2547 2211 2730 2275 enim
2786 2211 2919 2276 hac
2963 2231 3131 2276 voce

416 2317 791 2381 utebantur
853 2318 1191 2395 rhetores,
1257 2322 1334 2382 ut
1396 2319 1799 2392 universam.
1858 2318 2206 2397 quandam
2284 2318 2623 2380 orationis
2698 2318 3001 2396 speciem
3065 2324 3134 2380 et

416 2423 714 2486 formam
782 2424 1280 2502 significarent,
1345 2441 1520 2502 quae
1585 2441 1726 2498 non
1806 2423 1895 2486 ad
1968 2421 2275 2501 singulas
2340 2425 2486 2484 eius
2545 2426 2798 2500 partes,
2854 2422 2978 2484 sed
3045 2421 3134 2484 ad

417 2533 630 2590 totam
681 2527 1148 2607 pertineret.²)
1207 2527 1549 2591 Conferas
1599 2528 1829 2606 velim,
1886 2545 2067 2607 quae
2110 2527 2441 2606 leguntur
2483 2527 2668 2606 apud
2720 2525 3133 2589 Ciceronem

417 2632 502 2694 de
535 2633 651 2694 Or.
686 2633 783 2694 III
831 2639 988 2693 199:
1022 2627 1150 2692 Sed
1193 2629 1252 2692 ai
1296 2628 1578 2692 habitum
1622 2631 1815 2692 etiam
1846 2627 2163 2693 orationis
2206 2636 2265 2692 et
2310 2629 2501 2712 quasi
2546 2627 2814 2695 colorem
2861 2627 3137 2712 aliquem

415 2734 758 2822 requiritis,
807 2743 900 2798 eat
929 2743 991 2814 et
1028 2733 1225 2818 plena
1271 2732 1601 2818 quaedam,
1649 2733 1758 2796 aed
1803 2743 2009 2797 tamen
2054 2742 2219 2796 terea
2258 2742 2317 2795 et
2348 2731 2573 2813 anui&
2607 2753 2731 2796 non
2757 2733 2895 2795 eine
2926 2735 3139 2796 nervis

417 2860 496 2902 ac
539 2837 786 2902 viribus
850 2845 912 2902 et
957 2861 1054 2918 ea,
1109 2860 1270 2924 quae
1316 2839 1652 2924 particeps
1696 2836 2023 2922 utriusque
2066 2836 2318 2922 ρεπεν-ἵε
2374 2835 2651 2922 quadam
2698 2836 3137 2902 mediocritate

421 2940 743 3009 laudatur.
791 2945 1107 3009 Eandem
1157 2927 1750 3024 significationem
1796 2945 1866 3008 hi
1913 2945 2048 3008 loci
2095 2943 2505 3016 Quintiliani
2550 2962 2715 3024 prae
2762 2961 2836 3006 se
2868 2947 3133 3008 ferunt:

420 3050 589 3112 Inst.
639 3068 740 3114 or.
787 3050 880 3113 VI
934 3059 989 3134 3,
1040 3055 1197 3114 107:
1245 3069 1394 3112 nam
1438 3069 1568 3111 meo
1613 3045 1865 3131 quidem
1896 3047 2139 3111 iudicio
2185 3044 2303 3110 illa
2346 3055 2435 3110 eat
2478 3045 2841 3128 urbanitas,
2892 3047 2963 3111 in
3009 3067 3134 3132 qua

423 3150 586 3214 nihil
611 3150 932 3233 absonum,
966 3150 1132 3216 nihil
1159 3161 1425 3239 aqi-este,
1457 3149 1627 3216 ‘nihil
1653 3151 2071 3232 inconditum,
2093 3149 2268 3214 'nihil
2282 3152 2697 3236 pei-eyminum
2727 3173 2923 3234 neque
2952 3173 3141 3214 sensu

427 3279 616 3342 neque
648 3255 858 3322 verbis
889 3278 1082 3342 neque
1112 3279 1216 3320 ore
1244 3265 1500 3342 9eatuve
1533 3256 1746 3344 possit
1777 3255 2184 3343 depellendi,
2231 3265 2303 3318 ut
2346 3277 2491 3319 non
2537 3265 2684 3320 tam
2727 3255 2829 3319 ait
2872 3255 2899 3319 i
2909 3278 2952 3318 η
2997 3257 3141 3318 eiu-
3210 3295 3215 3300 ·

418 3361 627 3447 yulia
672 3360 908 3426 dictis
952 3384 1167 3447 quam
1208 3361 1292 3426 iu
1337 3372 1485 3424 toto
1537 3361 1784 3426 colore
1829 3359 2163 3442 dicendi,
2195 3359 2407 3444 qualis
2438 3359 2618 3446 aqmd
2653 3358 2929 3424 Graecos
2974 3361 3139 3424 ἀττι-

421 3470 649 3554 κισμός
691 3463 802 3530 ille
859 3465 1143 3530 redolens
1187 3467 1591 3530 Athenarum
1641 3466 1982 3550 propriu-m
2044 3486 2332 3549 saporem
2396 3475 2464 3531 et
2513 3467 2613 3533 VI
2661 3475 2716 3544 3,
2785 3472 2907 3527 110
2980 3464 3144 3550 quod

416 3569 480 3633 'ai
541 3591 668 3634 non
734 3571 992 3656 totiua,
1049 3578 1124 3635 ut
1177 3571 1338 3633 mihi
1388 3569 1654 3651 videtur,
1716 3569 2097 3632 orationis
2164 3566 2367 3632 color
2423 3576 2721 3650 meretur,
2786 3567 2896 3631 aed
2956 3569 3145 3634 etiam

427 3673 700 3760 alviqulia
744 3673 938 3739 dictis
981 3672 1384 3738 tribuendum
1430 3683 1539 3753 eet,
1574 3725 1589 3740 .
1623 3724 1638 3738 .
1674 3677 1756 3758 .⁸)

635 3781 766 3844 His
812 3782 1156 3864 expositis
1204 3782 1295 3844 ad
1326 3781 1676 3844 Iuvenalis
1709 3783 1939 3843 locum
1971 3781 2042 3844 in
2074 3786 2197 3843 sat.
2243 3779 2372 3844 VII
2426 3785 2541 3841 155
2592 3797 2719 3841 nos
2767 3786 3143 3856 vertamuS,

429 3886 545 3949 ubi
609 3887 805 3949 color
871 3887 1160 3951 eandem
1217 3886 1807 3966 significationem
1862 3886 2092 3964 habet,
2147 3902 2323 3965 quae
2379 3891 2486 3946 est
2543 3885 2757 3947 totius
2806 3885 3145 3948 orationis

427 3992 723 4055 habitus
805 3991 1028 4064 Quam
1103 3991 1638 4072 explicationem
1713 3990 2039 4052 Weidner
2106 4008 2387 4070 quoque
2466 3990 2812 4070 probavit,
2909 3989 3143 4052 Fried-

429 4095 720 4159 laender
766 4105 999 4161 autem
1046 4103 1114 4160 et
1159 4097 1404 4178 Mayor
1452 4117 1588 4160 non
1639 4097 1989 4176 accepisse
2036 4095 2383 4158 videntur.
2431 4093 2654 4158 Porro
2690 4095 2889 4157 aliam
2938 4096 3144 4174 signi·

435 4200 831 4264 ficationem
899 4202 1195 4284 praebet
1249 4203 1543 4265 verbum
1603 4196 1769 4262 color
1814 4203 1883 4262 in
1932 4207 2053 4264 sat.
2102 4201 2194 4265 VI
2242 4204 2385 4264 280.
2464 4201 2683 4280 Saepe
2738 4200 2920 4263 enim
2977 4201 3146 4263 utile

432 4311 499 4368 et
544 4307 1017 4370 necessarium
1081 4305 1628 4384 existimabatur,
1696 4313 1770 4368 ut
1816 4323 1931 4367 res
1980 4305 2341 4385 quaedam,
2407 4304 2475 4366 in
2542 4305 2647 4366 his
2696 4303 3144 4385 turpissimae

643 4480 682 4540 ¹)
721 4479 841 4530 Hac
878 4480 948 4530 de
983 4493 1048 4530 re
1085 4481 1201 4542 egit
1246 4481 1326 4531 10.
1367 4479 1498 4530 chr.
1535 4480 1636 4528 Th.
1693 4477 1909 4528 Emesa
1945 4479 2003 4527 in
2040 4477 2209 4542 libro,
2247 4477 2344 4538 qui
2384 4476 2713 4528 inscribitur
2759 4475 2979 4524 Lexicon
3016 4477 3147 4524 tech-

429 4565 674 4632 noleqiae
719 4565 1028 4616 Latinorum
1073 4566 1356 4616 rhetoricae
1422 4567 1645 4630 Lipsiae
1695 4567 1847 4634 1797,
1895 4579 1947 4628 p.
1998 4567 2065 4616 63
2104 4577 2246 4628 sqq„
2284 4577 2352 4614 ex
2402 4578 2513 4626 quo
2552 4566 2723 4630 fonte,
2760 4577 2907 4636 quac
2941 4563 3147 4639 reliqui

433 4654 724 4716 praebent,
786 4655 1018 4706 fluxisse
1055 4655 1345 4705 videntur.

644 4740 684 4802 ²)
721 4754 824 4791 nos
861 4740 1128 4792 dicimus:
1169 4739 1301 4790 ‘Der
1339 4741 1678 4802 allgemeine
1718 4739 2035 4789 Charakter
2074 4739 2175 4787 der
2214 4735 2401 4788 Rode?

645 4829 685 4890 ³)
723 4832 1022 4890 praeterea
1061 4829 1120 4878 11
1161 4831 1242 4894 12,
1283 4830 1373 4889 103
1413 4827 1502 4878 111
1541 4831 1589 4890 ὓ,
1629 4831 1720 4878 92:
1764 4826 1903 4876 VIII
1942 4828 1993 4889 5,
2029 4828 2123 4884 28;
2162 4827 2211 4876 X
2252 4829 2297 4892 1,
2339 4827 2463 4886 116;
2502 4826 2551 4874 X
2587 4827 2635 4887 7,
2674 4828 2729 4884 7;
2771 4825 2850 4874 XI
2892 4827 2939 4888 1,
2978 4825 3061 4874 68.

2840 4906 2938 4962 12*
