3567 5109
1625 325 2107 392 —108—

652 523 747 571 Or.
797 525 888 571 74:
930 522 1081 571 Illud
1154 521 1380 582 quidem
1455 521 1812 580 perspicuum
1924 535 2033 582 que
2071 522 2345 576 volumus,
2386 519 2763 570 consentiant:
2800 519 2843 568 si
2874 530 3050 580 genus
3087 519 3223 569 sub-

513 614 611 672 est,
649 623 758 657 non
801 609 967 659 modo
993 614 1185 672 partes
1210 607 1498 670 orationis,
1522 607 1622 656 sed
1649 607 1815 656 etiam
1863 552 1871 643 Ι
1923 608 2054 657 lime
2128 607 2350 658 dicendi
2446 607 2638 671 parvis
2707 606 2905 671 causis,
2963 617 3223 668 pressum

514 709 710 746 causas
765 701 910 746 totas
967 696 1105 746 alias
1169 695 1278 744 alia
1347 695 1526 744 forma
1589 694 1813 743 dicendi
1923 697 2293 758 limatumque
2330 695 2662 758 grandibus,
2699 695 2908 746 laetum
2950 693 3221 756 tristibus,

513 797 632 834 esse
669 785 1015 834 tractandas.
1922 784 2047 833 lene
2059 783 2288 846 asperis,
2300 783 2492 832 minax
2502 781 2867 844 supplicibus,
2876 779 3223 832 submissum

652 871 745 921 Or.
797 874 921 923 124:
985 871 1268 934 Principia
1325 869 1650 920 verecunda
1679 907 1689 918 .
1719 907 1730 918 .
1759 908 1768 918 .
1802 907 1813 918 .
1922 870 2229 934 concitatiS,
2256 875 2388 920 trux
2414 876 2583 932 atque
2619 869 2929 920 violentum
2955 867 3225 918 iucundis

513 960 882 1010 Narrationes
935 958 1312 1009 credibiles..
1343 997 1354 1008 .
1393 969 1572 1020 prope
1634 957 1813 1018 quoti-
1924 959 2329 1009 adhibeamus?

515 1049 686 1098 diano
723 1061 984 1098 sermone
1028 1048 1339 1111 explicatae
1378 1046 1644 1096 dilucide.
1673 1046 1813 1094 Dein
2062 1047 2199 1096 VIII
2247 1050 2295 1110 3,
2344 1049 2435 1098 21:
2476 1047 2587 1095 Nec
2660 1043 2923 1106 augenda
2994 1055 3223 1105 semper

514 1136 561 1186 si
606 1136 787 1185 tenuis
851 1148 1016 1186 eausa
1075 1136 1197 1199 erit,
1255 1139 1371 1185 tum
1429 1135 1594 1184 etiam
1652 1145 1814 1196 argu·
1864 1186 1867 1197 ,
1922 1134 2121 1193 oratio,
2140 1134 2236 1183 sed
2264 1131 2646 1184 submittenda
2668 1143 3096 1192 nonnumquam
3122 1134 3223 1178 est.

517 1223 807 1274 mentandi
867 1229 1035 1273 tenue
1088 1223 1253 1273 filum
1283 1261 1293 1271 .
1322 1261 1336 1274 .
1365 1261 1376 1272 .
1409 1258 1421 1271 .
1479 1222 1619 1272 Cum
1675 1235 1813 1272 vero

515 1323 687 1361 causa
741 1323 806 1360 ea
859 1311 1138 1376 inciderit,
1173 1311 1232 1359 in
1272 1321 1387 1372 qua
1423 1310 1508 1360 vis
1544 1310 1812 1370 eloquen-
1864 1278 1867 1345 Ι

517 1399 630 1447 tiae
654 1397 829 1460 possit
866 1397 1140 1460 expromi,
1170 1401 1286 1446 tum
1312 1409 1371 1446 se
1407 1397 1576 1447 latius
1617 1396 1815 1446 fundet
1864 1357 1868 1453 l

518 1491 725 1536 orator.

733 1660 1080 1723 Permulta
1119 1661 1334 1738 igitur
1387 1659 1585 1722 vides
1625 1661 1920 1738 reperiri
1966 1659 2300 1720 sententia
2340 1659 2421 1718 iis
2480 1654 2749 1730 similia,
2802 1667 2979 1733 quae
3038 1653 3229 1732 apud

521 1765 872 1826 Isidorum
908 1766 1166 1844 scripta
1213 1763 1553 1843 leguntur.
1589 1763 1911 1825 Attamen
1946 1765 2004 1824 si
2038 1763 2436 1841 diligentius
2486 1760 2789 1822 animum
2838 1756 3224 1820 attenderis

523 1870 608 1932 ad
641 1868 895 1931 Isidori
935 1868 1375 1931 exscribendi
1425 1869 1782 1944 rationem,
1832 1868 1990 1930 illos
2027 1885 2177 1930 esse
2225 1867 2372 1929 eius
2420 1865 2647 1927 fontes
2696 1870 2878 1926 certe
2912 1862 3227 1941 negabis,

521 1975 748 2046 Quid?
806 1992 963 2037 eum
1010 1974 1100 2052 id,
1134 1975 1323 2053 quod
1355 1973 1519 2036 alibi
1566 1974 1945 2037 sescenties
1996 1975 2177 2042 fecit,
2226 1971 2358 2034 hoc
2408 1972 2559 2032 loco
2608 1987 2745 2032 non
2792 1968 3040 2031 fecisse
3090 1973 3227 2029 sta·

521 2079 842 2139 tuamus?
901 2077 1072 2140 Nam
1121 2095 1206 2138 ne
1252 2096 1388 2140 una
1437 2077 1714 2157 quidem
1764 2079 2108 2140 sententia
2156 2076 2429 2153 integra
2477 2079 2591 2135 aut
2640 2072 2927 2153 paulum
2958 2079 3231 2134 mutata

523 2200 606 2244 ex
665 2183 750 2245 iis
825 2182 1250 2262 transcripta
1298 2190 1424 2258 est,
1481 2185 1603 2245 sed
1651 2183 1882 2246 omnia
1931 2183 2026 2244 ita
2076 2185 2475 2260 comparata
2532 2184 2714 2255 sunt,
2780 2185 2857 2240 ut
2902 2195 3061 2240 eum
3109 2185 3229 2240 aut

523 2285 716 2348 fonte
785 2287 1107 2365 quodam,
1166 2287 1284 2366 qui
1342 2306 1483 2349 non
1532 2295 1779 2351 exstat.
1834 2304 2034 2349 usum
2092 2303 2243 2347 esse
2300 2289 2419 2346 aut
2473 2281 2755 2345 illorum
2804 2283 3229 2362 scriptorum

526 2391 737 2453 verba
779 2391 874 2453 ita
907 2392 1270 2468 formasse,
1305 2398 1381 2453 ut
1415 2394 1769 2472 propriam
1808 2392 1955 2453 eius
2000 2391 2261 2469 ingenii
2310 2389 2609 2468 speciem
2659 2404 2825 2466 prae
2868 2405 2942 2448 se
2974 2387 3227 2461 ferant,

527 2495 970 2558 statuendum
1005 2499 1110 2560 sit.
1159 2497 1312 2559 Hoc
1353 2497 1647 2560 alterum
1681 2515 1883 2559 nemo
1932 2494 2363 2570 adfirmabit3
2416 2493 2847 2572 excerptoris
2896 2491 3102 2568 enim,
3153 2498 3230 2554 ut

525 2617 606 2662 eo
657 2599 1000 2663 vocabulo
1051 2608 1225 2676 utar,
1275 2620 1515 2664 manus
1566 2620 1721 2665 cum
1769 2601 2028 2680 ubique
2077 2598 2643 2679 deprehenditur,
2693 2603 2835 2658 tum
2884 2596 2957 2658 in
3004 2598 3228 2676 prima

524 2705 759 2767 statim
817 2709 1176 2782 sententia3
1234 2706 1486 2770 Isidori
1544 2709 1729 2770 enim
1788 2714 2028 2770 auctor
2086 2711 2562 2785 praeceptum:
2628 2699 2769 2762 Iam
2827 2721 2974 2762 vero
3018 2697 3228 2762 elocu-

528 2806 799 2869 tionibus
842 2807 937 2870 εἰσ
979 2809 1078 2869 uti
1119 2807 1443 2892 oportebit,
1487 2819 1554 2870 ut
1585 2831 1704 2888 res,
1739 2807 1927 2890 locus,
1960 2819 2215 2892 tempus,
2242 2827 2515 2891 persona
2546 2803 2876 2868 audientis
2905 2803 3227 2889 efflayitat

523 2915 772 2976 ceteris
806 2915 1248 2993 praemisisse
1292 2916 1506 2996 idque
1552 2917 1941 2980 accuratius
1990 2916 2271 2978 videtur
2311 2914 2788 2994 explicavisse.
2835 2913 3228 2992 Episcopus

523 3024 752 3080 autem
785 3019 1239 3098 Hispalensis„
1261 3039 1415 3083 cum
1439 3021 1684 3085 adicit:
1709 3041 1784 3082 ne
1807 3020 2099 3105 povfana
2120 3015 2443 3101 relvyioaia,
2466 3037 2540 3078 ne
2562 3011 2997 3078 inverecunda
3018 3013 3231 3090 castis,

521 3141 595 3182 ‘nc
643 3116 808 3180 levia
879 3119 1203 3206 yravibm,
1281 3143 1354 3183 ne
1404 3121 1646 3185 lasciva
1689 3123 1891 3202 seriis,
1938 3144 2015 3184 ne
2059 3120 2343 3183 ridicula
2390 3119 2679 3183 tristibus
2714 3119 3099 3180 misceantur
3145 3154 3229 3164 --

525 3226 595 3286 id
659 3232 945 3304 tantum,
1013 3228 1202 3306 quod
1247 3247 1348 3288 res
1395 3229 1760 3308 efflagitat,
1809 3228 2216 3306 diligentius
2266 3227 2612 3303 describit,
2644 3233 2719 3288 ut
2753 3243 2837 3286 ex
2886 3225 3230 3300 omnibuS,

527 3349 700 3410 quae
757 3332 951 3408 liber,
1010 3350 1215 3412 quem
1273 3335 1594 3415 inspexit,
1657 3340 1899 3413 postea
1964 3331 2295 3407 exhibuit,
2360 3331 2490 3394 hoc
2556 3331 2781 3393 solum
2846 3330 3231 3410 arripuisse

526 3441 593 3497 et
659 3435 1120 3516 adscripsisse
1167 3438 1501 3500 videatur.
1567 3438 1853 3501 Accedit
1917 3436 2105 3517 quod
2172 3455 2327 3500 eum
2390 3436 2526 3514 illa,
2592 3433 2845 3515 quibus
2906 3434 3075 3514 quid
3141 3435 3233 3497 sit

527 3540 765 3603 Latine
841 3541 1036 3622 loqui
1110 3543 1435 3622 explicat,
1519 3563 1604 3606 ex
1681 3545 1787 3620 iis,
1864 3561 2041 3622 quae
2132 3543 2370 3606 Cicero
2448 3547 2516 3604 et
2590 3539 2845 3604 Fabius
2940 3539 3025 3602 de
3101 3540 3231 3602 hac

525 3664 602 3707 re
690 3645 961 3722 habent,
1047 3648 1341 3710 finxisse
1437 3650 1556 3710 vix
1649 3655 1885 3728 potest
1977 3648 2189 3712 credi.
2282 3651 2642 3710 Praeterea
2735 3643 3048 3708 Isidorus
3144 3646 3234 3707 ad

527 3749 940 3814 elocutionis
1003 3752 1160 3816 illas
1225 3753 1482 3830 Latine,
1559 3754 1946 3834 perspicue,
2011 3754 2325 3816 suaviter
2358 3752 2608 3831 .(quod
2672 3750 2973 3812 fortasse
3046 3749 3233 3812 idem

527 3861 634 3916 est
709 3861 913 3935 atque
991 3859 1264 3938 ornate)
1355 3860 1687 3938 loquendi
1763 3862 2056 3923 virtutes
2132 3859 2353 3921 facete
2432 3856 2707 3920 dicendi
2783 3855 2923 3917 vim
3002 3854 3232 3929 adicit,

530 3959 718 4038 quod
781 3962 964 4024 unde
1041 3963 1360 4040 hauserit,
1435 3983 1728 4044 prorsus
1805 3985 1943 4029 non
2018 3972 2224 4045 patet.
2299 3965 2658 4026 Postremo
2740 3979 2903 4024 sane
2978 3960 3234 4021 mirum

532 4081 681 4124 esse
739 4066 1060 4128 existimo
1119 4087 1272 4129 eum
1330 4069 1558 4132 tribus
1614 4071 1749 4133 illis
1808 4070 2083 4134 dicendi
2148 4068 2521 4149 generibus
2574 4067 2749 4130 alias
2805 4071 3011 4145 atque
3074 4063 3235 4125 illos

526 4167 867 4232 indidisse
934 4172 1470 4251 appellationes:
1539 4169 1650 4234 hoc
1715 4181 1806 4236 est
1868 4174 2035 4236 enim
2094 4169 2260 4236 illud
2321 4169 2655 4234 trimodum
2715 4190 2907 4253 yemis
2948 4164 3239 4229 dicendi:

529 4267 828 4351 humile,
917 4273 1254 4354 medium,
1340 4275 1887 4358 yrctndilocum.
1981 4280 2170 4352 Quae
2249 4297 2402 4342 cum
2496 4280 2592 4340 ita
2658 4277 2816 4352 sint,
2878 4273 3235 4336 Isidorum

529 4376 693 4439 haec
743 4396 1019 4458 quoque
1077 4381 1214 4444 duo
1263 4384 1490 4462 capita
1542 4403 1624 4445 ex
1675 4385 1884 4462 tonte,
1940 4385 2059 4464 qui
2113 4403 2250 4447 non
2304 4391 2551 4460 exstat,
2604 4379 3033 4460 excerpsisse
3085 4377 3235 4440 veri

532 4481 958 4545 simillimum
991 4492 1112 4548 est.

737 4587 928 4650 Idem
996 4588 1081 4652 de
1144 4593 1368 4672 capite
1429 4593 1695 4670 XVIII„
1762 4613 1900 4674 quo
1948 4595 2035 4656 de
2099 4595 2250 4657 colo
2302 4601 2368 4656 et
2418 4599 2751 4657 commate
2809 4599 2875 4654 et
2929 4589 3238 4672 periodis

533 4699 784 4775 agitur,
849 4696 1296 4760 statuendum
1361 4715 1512 4761 esse
1578 4717 1779 4762 nemo
1848 4700 2147 4778 negabit,
2207 4700 2327 4779 qui
2384 4699 2772 4762 Isidoriana
2822 4703 2887 4759 et
2934 4694 3238 4758 Fabiana

533 4802 1058 4881 comparaverit.

1370 4858 1396 4870 .-
