3567 5109
1642 244 2084 305 -32—

500 450 787 515 dendum
826 473 967 516 esse
1008 474 1374 532 censemus3
1422 462 1624 535 πειρῶ
1663 454 1837 517 enim
1873 474 2009 517 non
2047 452 2380 535 significat
2421 460 2766 534 „conare“,
2808 454 2924 518 sed
2959 476 3230 538 „aggre-

500 558 721 638 dere“;
772 580 905 643 qua
944 559 1025 623 de
1066 580 1269 624 causa
1306 582 1385 623 ex
1422 560 1549 623 hoc
1587 560 1786 627 verbo
1826 560 2050 644 colligi
2087 582 2221 625 non
2259 566 2478 643 potest
2522 561 2920 644 discipulum
2967 560 3238 626 Socrati-

498 686 735 747 parum
782 666 1131 731 confidere.
1182 666 1433 732 Contra
1481 674 1624 732 tota
1670 668 2021 747 sententia,
2072 689 2220 731 cum
2266 668 2336 731 in
2381 674 2606 732 tantas
2653 669 2994 750 angustias
3041 668 3226 733 Alci-

497 772 727 837 biades
783 773 1113 838 adductus
1150 774 1279 852 sit,
1350 796 1467 839 suo
1532 773 1679 839 loco
1745 776 1966 857 posita
2021 780 2148 838 est:
2216 774 2606 839 adulescens
2661 776 2836 839 enim
2891 776 3226 857 superiore.

501 879 793 945 Socratis
832 880 1127 945 oratione
1168 886 1533 946 commotus
1571 887 1637 945 et
1673 883 1735 945 vi
1776 883 2071 947 veritatis
2107 882 2448 964 perculsus
2487 904 2527 945 a
2565 880 2836 948 Socrate
2885 888 3228 965 tamquam

500 988 817 1051 auxilium
872 989 1056 1069 petit,
1116 989 1297 1069 quod
1346 990 1479 1053 iam
1538 988 2014 1053 Stallbaumius
2069 995 2245 1054 recte
2303 989 2461 1053 m-ihi
2519 990 2898 1055 observasse
2946 990 3224 1055 videtur.
3263 976 3266 981 ¹

710 1094 1015 1176 Denique
1056 1094 1337 1159 alteram
1376 1094 1610 1159 Cobeti
1651 1095 1838 1178 (ibid.
1877 1118 1942 1178 p.
1983 1098 2142 1179 384)
2181 1098 2576 1161 sententiam
2615 1118 3223 1175 commemoremus;

499 1203 629 1283 qui,
670 1200 846 1285 quod
886 1202 1017 1266 iam
1054 1199 1291 1265 Astius
1337 1202 1508 1280 fecit,
1558 1223 1637 1266 ex
1682 1208 2051 1285 temporum
2097 1203 2468 1267 rationibus
2515 1210 2974 1286 argumentum
3021 1226 3228 1287 quae-

497 1309 668 1388 sivit,
719 1330 848 1390 quo
888 1308 1159 1373 Platoni
1194 1306 1582 1373 Alcibiades
1626 1309 1930 1391 dialogus
1967 1309 2425 1391 abrogaretur3
2475 1310 2638 1374 dicit
2681 1311 2883 1373 enim:
2938 1309 3227 1393 „Quam-

498 1436 697 1496 quam
745 1415 995 1497 dialogi
1045 1422 1278 1479 auctor
1324 1417 1395 1479 in
1442 1416 1717 1481 caeteris
1760 1417 2084 1480 rationem
2122 1424 2492 1498 temporum
2532 1416 2882 1497 diligenter
2921 1418 3220 1495 servavit,

496 1522 743 1585 erravit
785 1529 1007 1586 tamen
1053 1524 1123 1587 in
1172 1544 1248 1587 eo
1298 1522 1477 1604 quod
1524 1524 1788 1605 scripsit
1833 1545 1981 1606 pag.
2039 1522 2258 1591 1180:
2307 1526 2541 1606 λέγεται
2589 1574 2602 1586 .
2651 1574 2665 1587 .
2713 1576 2725 1586 .
2779 1526 2840 1605 (ὁ
2877 1524 3222 1607 Περικλῆς)

496 1632 616 1693 οὐκ
664 1631 791 1694 ἀπὸ
838 1638 947 1694 τοῦ
1006 1633 1363 1713 αὐτομάτου
1420 1632 1623 1713 σοφὸς
1678 1633 1994 1713 γεγονέναι
2049 1632 2202 1695 ἀλλὰ
2257 1632 2510 1701 πολλοῖς
2561 1633 2670 1695 καὶ
2723 1639 2948 1713 σοφοῖς
3001 1656 3226 1713 συγγε-

496 1738 741 1818 γονέναι
783 1738 891 1799 καὶ
926 1736 1337 1820 Πυθοκλείδῃ
1384 1739 1491 1801 καὶ
1528 1740 1945 1820 Ἀναξαγόρᾳ·
1993 1739 2099 1801 καὶ
2145 1745 2259 1801 νῦν
2303 1741 2386 1801 ἔτι
2431 1740 2790 1821 τηλικοῦτος
2825 1742 2922 1802 ὢν
2958 1738 3228 1819 Δάμωνι,

495 1845 768 1916 ξύνεστιν
814 1846 1007 1907 αὐτοῦ
1055 1846 1278 1908 τούτου
1326 1846 1525 1908 ἕνεκα.
1582 1844 1878 1908 Primum
1925 1844 2419 1926 compositionis
2465 1844 2679 1909 labem
2729 1846 2984 1927 corrige
3031 1866 3222 1925 repo-

492 1949 739 2013 nendo:
807 1951 939 2013 ἀλλ’
996 1952 1226 2031 (ἄλλοις
1270 1956 1356 2028 τε)
1413 1952 1665 2021 πολλοῖς
1718 1953 1826 2014 καὶ
1880 1958 2104 2033 σοφοῖς
2159 1954 2592 2034 συγγεγονέναι
2647 1953 2754 2015 καὶ
2807 1952 3224 2033 Πυθοκλεὶὁῃ

494 2059 603 2120 καὶ
646 2058 1055 2140 Ἀναξαγόρᾳ.
1148 2056 1436 2121 Fallitur
1492 2065 1711 2121 autem
1770 2058 1952 2141 quod
2016 2064 2210 2139 putat
2263 2058 2584 2122 Periclem
2643 2080 2818 2123 anno
2877 2062 3026 2137 430,
3085 2080 3221 2121 uno

496 2184 669 2228 anno
712 2170 864 2227 ante
904 2171 1200 2241 mortem,
1240 2164 1569 2228 Damonis
1608 2163 2081 2228 consuetudine
2121 2185 2312 2228 usum
2350 2186 2510 2229 esse.
2577 2165 2714 2229 Diu
2763 2172 2914 2229 ante
2953 2166 3222 2229 Damon

491 2272 561 2333 in
601 2270 900 2334 exsilium
936 2272 1126 2335 ierat.
1182 2270 1581 2335 Plutarchus
1618 2272 1687 2335 in
1723 2270 1978 2335 Pericle
2019 2293 2164 2353 cap.
2195 2270 2325 2338 IV:
2375 2274 2411 2335 ὁ
2441 2274 2684 2354 Δάμων
2713 2310 2798 2318 -——
2829 2274 2922 2343 ὡς
2947 2274 3220 2355 μεγαλο-

491 2380 809 2460 πράγμων
844 2380 951 2441 καὶ
988 2378 1437 2460 φιλοτύραννος
1483 2381 1977 2462 ἐξωστρακίσθη,
2025 2384 2092 2442 et
2132 2385 2440 2442 constans
2488 2384 2630 2443 erat
2673 2378 2850 2443 fama
2895 2378 3220 2443 Periclem

492 2505 627 2547 non
665 2490 881 2548 aetate
922 2491 1303 2567 provectum
1342 2485 1458 2549 sed
1496 2486 1797 2549 iuvenem
1835 2486 2161 2549 Damonis
2199 2488 2567 2567 praeceptis
2598 2507 2738 2549 esse
2776 2486 3213 2549 institutum.··

490 2590 749 2655 Eodem
814 2593 1122 2673 pertinet,
1190 2592 1367 2673 quod
1422 2589 1615 2673 Agis,
1680 2590 2072 2657 Archidami
2128 2592 2321 2671 filine,
2389 2614 2452 2674 p.
2507 2591 2712 2657 124A
2779 2612 2894 2655 rex
2957 2592 3217 2668 dicitur,

492 2719 891 2779 quamquam
945 2704 1096 2781 post
1154 2704 1431 2762 mortem
1488 2697 1751 2762 demum
1797 2699 2074 2763 Periclis
2132 2700 2264 2763 dux
2318 2700 2605 2763 exstitit¹
2662 2706 2728 2763 et
2781 2699 2944 2763 haec
2993 2699 3234 2781 dispu-.

487 2807 652 2869 tatio
700 2804 955 2869 Pericle
1006 2805 1223 2869 adhuc
1270 2805 1525 2869 vivente
1573 2805 1804 2871 habita
1852 2826 1992 2871 esse
2040 2806 2329 2888 fingitur.
2420 2806 2633 2870 Nemo
2693 2828 2894 2870 sanus
2949 2806 3220 2887 negabit

488 2912 653 2976 haec
700 2914 872 2975 inter
920 2933 989 2975 se
1036 2932 1173 2975 non
1220 2914 1587 2975 convenire.
1682 2912 1817 2976 Sed
1883 2934 2040 2979 num
2105 2913 2208 2977 his
2265 2915 2483 2977 causis
2538 2914 2819 2995 permoti
2874 2913 3218 2994 dialogum

490 3020 785 3100 spurium
822 3040 963 3082 esse
1004 3017 1518 3082 contendemus?
1582 3018 1824 3083 Nonne
1874 3022 2073 3085 etiam
2120 3022 2190 3083 in
2237 3019 2384 3084 aliis
2423 3018 2727 3083 Platonis
2772 3021 2980 3101 ipsius
3027 3019 3214 3083 libris

488 3125 655 3189 tales
694 3146 947 3188 errores
986 3125 1452 3189 inveniuntur?
1511 3124 1707 3209 Quod
1754 3128 2016 3209 saepius
2065 3126 2204 3190 fieri
2255 3149 2462 3208 neque
2513 3127 2632 3191 viri
2670 3126 2975 3191 Platonis
3021 3127 3214 3209 periti

489 3232 837 3314 ignorant²
882 3253 1094 3314 neque
1144 3234 1357 3314 ipsum
1396 3232 1720 3297 (lebetum
1768 3233 1956 3316 fugit,
2007 3256 2156 3297 cum
2199 3233 2269 3297 in
2317 3234 2609 3297 eiusdem
2657 3232 2980 3297 MnemoS.
3030 3231 3216 3295 volu-

492 3338 685 3401 minis
740 3361 803 3419 p.
858 3342 981 3403 115
1044 3339 1130 3403 ad
1180 3337 1500 3421 Gorgiam
1556 3340 1857 3404 adnotet:
1933 3340 2235 3417 „Diserte
2282 3339 2533 3423 (Plato)
2593 3339 2887 3403 definivit
2944 3360 3214 3415 annum,

490 3466 618 3527 quo
666 3444 829 3509 haec
878 3468 918 3508 a
966 3444 1237 3509 Socrate
1285 3447 1623 3529 disputata
1669 3446 2006 3528 finguntur
2052 3470 2115 3529 p.
2167 3447 2397 3511 473E:
2464 3450 2570 3511 καὶ
2625 3451 2846 3529 ,πέρυσι
2891 3449 3238 3528 βουλεύειν.

485 3555 703 3635 λαχὼν
765 3556 976 3636 ἐπειδὴ
1044 3557 1081 3636 ἡ
1148 3556 1267 3636 ἐμὴ
1334 3556 1500 3637 φυλὴ
1576 3557 1952 3635 ἐπρυτάνευε
2015 3557 2120 3619 καὶ
2186 3558 2310 3619 ἔδει
2371 3580 2452 3637 με
2515 3556 2911 3636 ἐπιψηφίζειν
2975 3556 3216 3636 γέλωτα

486 3668 810 3743 παρεῖχον.
900 3660 1009 3723 Ex
1061 3660 1186 3724 hoc
1242 3660 1384 3724 loco
1445 3660 1717 3742 colligas
1773 3684 1947 3725 anno
2007 3666 2135 3726 405
2205 3662 2326 3725 hos
2383 3682 2716 3725 sermones
2779 3660 3028 3739 haberi,
3097 3660 3214 3723 secl

488 3790 549 3849 p.
597 3767 793 3833 5030
852 3776 1317 3832 commemorat
1370 3769 1682 3849 Περικλέα
1729 3771 1969 3833 τουτονὶ
2015 3771 2122 3833 τὸν
2167 3770 2384 3833 ’νεωστὶ
2431 3771 2949 3851 τετελευτηκότα.“
3031 3768 3213 3831 Μο1·-

488 3883 671 3938 tuum
721 3896 860 3937 esse
907 3874 1251 3953 Periclem,
1304 3874 1594 3940 Cobetus
1642 3877 1877 3958 pergit,
1932 3877 2160 3957 viginti
2211 3882 2524 3958 quattuor
2571 3876 2760 3939 annis
2809 3880 2981 3939 ante.
3043 3874 3213 3938 Tum

488 4004 551 4064 p.
582 3980 794 4045 472A
840 3983 1337 4045 commemorari
1382 3982 1647 4045 Niciam
1696 3983 1938 4045 verbis:
1987 3987 2463 4066 μαρτυρήσουσί
2504 4008 2601 4047 σοι
2647 3983 2875 4051 Νικίας
2921 3984 2958 4045 ὁ
3004 3982 3218 4064 Νικηε

488 4092 681 4173 ράτου
727 4092 834 4152 καὶ
871 4092 932 4153 οἱ
966 4091 1242 4171 ἀδελφοί.
1308 4089 1563 4151 Perisse
1614 4095 1832 4152 autem
1878 4088 2140 4153 Niciam
2189 4095 2342 4153 ante
2391 4095 2538 4153 octo
2587 4110 2797 4153 annos
2843 4089 2914 4151 in
2963 4087 3210 4151 Sicilia.

485 4196 747 4260 Deinde
816 4197 1211 4259 mentionem
1276 4196 1416 4259 fieri
1473 4195 1841 4259 Alcibiadis
1901 4219 1962 4278 p.
2014 4195 2248 4261 519A:
2316 4198 2719 4278 ἐπιλήψονται
2767 4244 2782 4259 .
2832 4247 2842 4258 .
2891 4203 2999 4259 τοῦ
3048 4196 3210 4277 ἐμοῦ

488 4304 733 4383 ἑταίρου
771 4304 1183 4386 Ἀλκιβιάδαι).
1230 4302 1432 4365 Anno
1482 4306 1610 4367 405
1659 4301 2080 4367 Alcibiadem
2127 4304 2545 4367 exsulavisse.
2596 4300 2850 4384 Quibus
2899 4302 3232 4383 expositis,

486 4410 679 4472 finem
728 4410 1008 4490 imponit
1056 4408 1293 4473 verbis:
1360 4409 1587 4487 „Haec
1632 4410 1834 4492 igitur
1880 4412 2053 4473 inter
2100 4432 2166 4473 se
2215 4417 2441 4491 aptare
2493 4416 2558 4473 et
2605 4429 2994 4489 componere
3043 4406 3232 4471 velle·

706 4586 721 4618 ¹
761 4584 1011 4651 Thucyd.
1054 4584 1145 4637 III
1184 4586 1269 4639 89.
2933 4656 2959 4669 ..

704 4674 725 4705 ²
764 4674 843 4724 De
884 4674 1340 4741 anachronismis,
1380 4675 1470 4741 qui
1515 4675 1876 4726 inveniuntur
1915 4676 1968 4726 in
2011 4674 2157 4727 I'lat.
2197 4675 2436 4740 dialogis
2477 4674 2622 4727 (ϊηιῖ.
2663 4674 2870 4726 Zeller:
2919 4672 3072 4725 Uber
3117 4674 3210 4725 die

490 4762 976 4813 Anachronismcn
1016 4764 1071 4813 in
1112 4762 1219 4813 deu
1258 4762 1657 4815 Platoniseheu
1697 4763 2074 4832 Gespriichen.
2116 4763 2399 4815 Abhandl.
2441 4764 2493 4815 d.
2533 4763 2680 4815 Berl.
2721 4762 2904 4814 Akad.
2947 4762 3097 4815 1873.
