<?xml version="1.0" encoding="UTF-8"?>
<!DOCTYPE html PUBLIC "-//W3C//DTD XHTML 1.0 Transitional//EN"
    "http://www.w3.org/TR/xhtml1/DTD/xhtml1-transitional.dtd">
<html xmlns="http://www.w3.org/1999/xhtml" xml:lang="en" lang="en">
 <head>
  <title>
</title>
<meta http-equiv="Content-Type" content="text/html;charset=utf-8" />
  <meta name='ocr-system' content='tesseract 3.04.00' />
  <meta name='ocr-capabilities' content='ocr_page ocr_carea ocr_par ocr_line ocrx_word'/>
</head>
<body>
  <div class='ocr_page' id='page_1' title='image "./dissertationesp09wiengoog_0078.png"; bbox 0 0 3567 5109; ppageno 0'>
   <div class='ocr_carea' id='block_1_1' title="bbox 1729 294 2163 360">
    <p class='ocr_par' dir='ltr' id='par_1_1' title="bbox 1729 294 2163 360">
     <span class='ocr_line' id='line_1_1' title="bbox 1729 294 2163 360; baseline 0 -19"><span class='ocrx_word' id='word_1_1' title='bbox 1729 294 2163 360; x_wconf 78' lang='lat'><strong>-70-</strong></span> 
     </span>
    </p>
   </div>
   <div class='ocr_carea' id='block_1_2' title="bbox 573 482 3323 2349">
    <p class='ocr_par' dir='ltr' id='par_1_2' title="bbox 581 482 3281 655">
     <span class='ocr_line' id='line_1_2' title="bbox 583 482 3281 567; baseline -0.001 -18"><span class='ocrx_word' id='word_1_2' title='bbox 583 490 752 550; x_wconf 87' lang='lat' dir='ltr'>nulli</span> <span class='ocrx_word' id='word_1_3' title='bbox 815 482 1060 567; x_wconf 74' lang='lat' dir='ltr'>poetae</span> <span class='ocrx_word' id='word_1_4' title='bbox 1124 506 1161 550; x_wconf 88' lang='lat' dir='ltr'>a</span> <span class='ocrx_word' id='word_1_5' title='bbox 1219 506 1503 549; x_wconf 83' lang='lat' dir='ltr'>caesura</span> <span class='ocrx_word' id='word_1_6' title='bbox 1570 490 1982 566; x_wconf 80' lang='lat' dir='ltr'>pentametri</span> <span class='ocrx_word' id='word_1_7' title='bbox 2050 490 2375 550; x_wconf 82' lang='lat' dir='ltr'>arcebant</span> <span class='ocrx_word' id='word_1_8' title='bbox 2452 490 2564 566; x_wconf 81' lang='lat' dir='ltr'>(cf.</span> <span class='ocrx_word' id='word_1_9' title='bbox 2635 489 2890 567; x_wconf 81' lang='lat' dir='ltr'>Meyer,</span> <span class='ocrx_word' id='word_1_10' title='bbox 2955 506 3019 567; x_wconf 89' lang='lat' dir='ltr'>p.</span> <span class='ocrx_word' id='word_1_11' title='bbox 3090 488 3281 563; x_wconf 80' lang='lat'>1032)</span> 
     </span>
     <span class='ocr_line' id='line_1_3' title="bbox 581 591 1300 655; baseline -0.004 0"><span class='ocrx_word' id='word_1_12' title='bbox 581 591 856 655; x_wconf 61' lang='lat' dir='ltr'>LXIXm</span> <span class='ocrx_word' id='word_1_13' title='bbox 905 598 1300 655; x_wconf 87' lang='lat' dir='ltr'>occurrunt.</span> 
     </span>
    </p>

    <p class='ocr_par' dir='ltr' id='par_1_3' title="bbox 581 696 3287 881">
     <span class='ocr_line' id='line_1_4' title="bbox 789 696 3287 776; baseline -0.001 -18"><span class='ocrx_word' id='word_1_14' title='bbox 789 698 1051 759; x_wconf 84' lang='lat' dir='ltr'>Deinde</span> <span class='ocrx_word' id='word_1_15' title='bbox 1085 696 1285 771; x_wconf 88' lang='lat' dir='ltr'>idem,</span> <span class='ocrx_word' id='word_1_16' title='bbox 1337 696 1524 775; x_wconf 92' lang='lat' dir='ltr'>quod</span> <span class='ocrx_word' id='word_1_17' title='bbox 1559 715 1768 775; x_wconf 88' lang='lat' dir='ltr'>supra</span> <span class='ocrx_word' id='word_1_18' title='bbox 1805 699 1888 759; x_wconf 92' lang='lat' dir='ltr'>de</span> <span class='ocrx_word' id='word_1_19' title='bbox 1938 697 2173 759; x_wconf 89' lang='lat' dir='ltr'>verbis</span> <span class='ocrx_word' id='word_1_20' title='bbox 2208 698 2562 775; x_wconf 80' lang='lat' dir='ltr'>dactylicis</span> <span class='ocrx_word' id='word_1_21' title='bbox 2595 698 2663 759; x_wconf 90' lang='lat' dir='ltr'>in</span> <span class='ocrx_word' id='word_1_22' title='bbox 2697 696 3081 760; x_wconf 80' lang='lat' dir='ltr'>hexametri</span> <span class='ocrx_word' id='word_1_23' title='bbox 3110 696 3287 776; x_wconf 91' lang='lat' dir='ltr'>pede</span> 
     </span>
     <span class='ocr_line' id='line_1_5' title="bbox 581 802 3199 881; baseline 0 -18"><span class='ocrx_word' id='word_1_24' title='bbox 581 804 815 881; x_wconf 90' lang='lat' dir='ltr'>primo</span> <span class='ocrx_word' id='word_1_25' title='bbox 867 802 1220 864; x_wconf 88' lang='lat' dir='ltr'>collocatis</span> <span class='ocrx_word' id='word_1_26' title='bbox 1270 804 1654 877; x_wconf 83' lang='lat' dir='ltr'>statuimuS,</span> <span class='ocrx_word' id='word_1_27' title='bbox 1703 803 1774 861; x_wconf 90' lang='lat' dir='ltr'>in</span> <span class='ocrx_word' id='word_1_28' title='bbox 1827 804 2002 881; x_wconf 85' lang='lat' dir='ltr'>pede</span> <span class='ocrx_word' id='word_1_29' title='bbox 2050 802 2279 880; x_wconf 90' lang='lat' dir='ltr'>primo</span> <span class='ocrx_word' id='word_1_30' title='bbox 2329 802 2741 880; x_wconf 81' lang='lat' dir='ltr'>pentametri</span> <span class='ocrx_word' id='word_1_31' title='bbox 2790 802 3199 881; x_wconf 78' lang='lat' dir='ltr'>reperimus,</span> 
     </span>
    </p>

    <p class='ocr_par' dir='ltr' id='par_1_4' title="bbox 579 904 3285 1283">
     <span class='ocr_line' id='line_1_6' title="bbox 787 904 3285 985; baseline -0.003 -16"><span class='ocrx_word' id='word_1_32' title='bbox 787 908 867 969; x_wconf 94' lang='lat' dir='ltr'>In</span> <span class='ocrx_word' id='word_1_33' title='bbox 932 912 1228 969; x_wconf 86' lang='lat' dir='ltr'>exeunte</span> <span class='ocrx_word' id='word_1_34' title='bbox 1303 909 1432 967; x_wconf 89' lang='lat' dir='ltr'>iam</span> <span class='ocrx_word' id='word_1_35' title='bbox 1501 912 1932 984; x_wconf 83' lang='lat' dir='ltr'>pentametro</span> <span class='ocrx_word' id='word_1_36' title='bbox 2000 907 2285 968; x_wconf 85' lang='lat' dir='ltr'>verbum</span> <span class='ocrx_word' id='word_1_37' title='bbox 2352 906 2719 968; x_wconf 89' lang='lat' dir='ltr'>iambicum</span> <span class='ocrx_word' id='word_1_38' title='bbox 2787 906 3046 985; x_wconf 85' lang='lat' dir='ltr'>optime</span> <span class='ocrx_word' id='word_1_39' title='bbox 3123 904 3285 983; x_wconf 91' lang='lat' dir='ltr'>poni</span> 
     </span>
     <span class='ocr_line' id='line_1_7' title="bbox 582 1009 3285 1092; baseline -0.002 -19"><span class='ocrx_word' id='word_1_40' title='bbox 582 1030 732 1073; x_wconf 90' lang='lat' dir='ltr'>cum</span> <span class='ocrx_word' id='word_1_41' title='bbox 785 1012 1035 1073; x_wconf 89' lang='lat' dir='ltr'>ceteris</span> <span class='ocrx_word' id='word_1_42' title='bbox 1081 1012 1306 1092; x_wconf 70' lang='lat' dir='ltr'>poetis</span> <span class='ocrx_word' id='word_1_43' title='bbox 1347 1018 1494 1071; x_wconf 90' lang='lat' dir='ltr'>tum</span> <span class='ocrx_word' id='word_1_44' title='bbox 1544 1010 1833 1071; x_wconf 88' lang='lat' dir='ltr'>Paulino</span> <span class='ocrx_word' id='word_1_45' title='bbox 1867 1012 2085 1071; x_wconf 88' lang='lat' dir='ltr'>visum</span> <span class='ocrx_word' id='word_1_46' title='bbox 2122 1028 2275 1072; x_wconf 89' lang='lat' dir='ltr'>esse</span> <span class='ocrx_word' id='word_1_47' title='bbox 2308 1010 2469 1072; x_wconf 90' lang='lat' dir='ltr'>inde</span> <span class='ocrx_word' id='word_1_48' title='bbox 2502 1010 2741 1086; x_wconf 87' lang='lat' dir='ltr'>elucet,</span> <span class='ocrx_word' id='word_1_49' title='bbox 2791 1009 2973 1089; x_wconf 91' lang='lat' dir='ltr'>quod</span> <span class='ocrx_word' id='word_1_50' title='bbox 3010 1009 3285 1087; x_wconf 90' lang='lat' dir='ltr'>saepius</span> 
     </span>
     <span class='ocr_line' id='line_1_8' title="bbox 579 1110 3285 1194; baseline -0.001 -17"><span class='ocrx_word' id='word_1_51' title='bbox 579 1135 780 1194; x_wconf 88' lang='lat' dir='ltr'>quam</span> <span class='ocrx_word' id='word_1_52' title='bbox 829 1117 902 1179; x_wconf 90' lang='lat' dir='ltr'>in</span> <span class='ocrx_word' id='word_1_53' title='bbox 949 1118 1082 1179; x_wconf 91' lang='lat' dir='ltr'>alio</span> <span class='ocrx_word' id='word_1_54' title='bbox 1131 1134 1338 1178; x_wconf 85' lang='lat' dir='ltr'>versu</span> <span class='ocrx_word' id='word_1_55' title='bbox 1375 1118 1537 1178; x_wconf 90' lang='lat' dir='ltr'>haec</span> <span class='ocrx_word' id='word_1_56' title='bbox 1571 1116 1872 1178; x_wconf 84' lang='lat' dir='ltr'>clausula</span> <span class='ocrx_word' id='word_1_57' title='bbox 1913 1115 2116 1178; x_wconf 83' lang='lat' dir='ltr'>nobis</span> <span class='ocrx_word' id='word_1_58' title='bbox 2154 1116 2547 1193; x_wconf 82' lang='lat' dir='ltr'>legentibus</span> <span class='ocrx_word' id='word_1_59' title='bbox 2584 1115 2886 1178; x_wconf 84' lang='lat' dir='ltr'>obvenit.</span> <span class='ocrx_word' id='word_1_60' title='bbox 2956 1110 3285 1177; x_wconf 73' lang='lat' dir='ltr'>CCLIX³⁰⁵</span> 
     </span>
     <span class='ocr_line' id='line_1_9' title="bbox 579 1220 1947 1283; baseline 0 0"><span class='ocrx_word' id='word_1_61' title='bbox 579 1224 756 1283; x_wconf 90' lang='lat' dir='ltr'>enim</span> <span class='ocrx_word' id='word_1_62' title='bbox 805 1240 940 1283; x_wconf 86' lang='lat' dir='ltr'>vox</span> <span class='ocrx_word' id='word_1_63' title='bbox 989 1222 1279 1283; x_wconf 87' lang='lat' dir='ltr'>iambica</span> <span class='ocrx_word' id='word_1_64' title='bbox 1326 1222 1455 1281; x_wconf 93' lang='lat' dir='ltr'>hoc</span> <span class='ocrx_word' id='word_1_65' title='bbox 1503 1220 1656 1283; x_wconf 94' lang='lat' dir='ltr'>loco</span> <span class='ocrx_word' id='word_1_66' title='bbox 1705 1227 1947 1283; x_wconf 85' lang='lat' dir='ltr'>exstat.</span> 
     </span>
    </p>

    <p class='ocr_par' dir='ltr' id='par_1_5' title="bbox 574 1324 3323 2137">
     <span class='ocr_line' id='line_1_10' title="bbox 782 1324 3285 1405; baseline -0.002 -17"><span class='ocrx_word' id='word_1_67' title='bbox 782 1327 1006 1389; x_wconf 92' lang='lat' dir='ltr'>Verba</span> <span class='ocrx_word' id='word_1_68' title='bbox 1073 1334 1297 1388; x_wconf 88' lang='lat' dir='ltr'>autem</span> <span class='ocrx_word' id='word_1_69' title='bbox 1367 1327 1576 1388; x_wconf 87' lang='lat' dir='ltr'>trium</span> <span class='ocrx_word' id='word_1_70' title='bbox 1646 1336 1760 1387; x_wconf 85' lang='lat' dir='ltr'>aut</span> <span class='ocrx_word' id='word_1_71' title='bbox 1827 1332 2153 1405; x_wconf 86' lang='lat' dir='ltr'>quattuor</span> <span class='ocrx_word' id='word_1_72' title='bbox 2218 1327 2637 1405; x_wconf 85' lang='lat' dir='ltr'>syllabarum</span> <span class='ocrx_word' id='word_1_73' title='bbox 2688 1326 2759 1387; x_wconf 91' lang='lat' dir='ltr'>in</span> <span class='ocrx_word' id='word_1_74' title='bbox 2810 1326 3052 1387; x_wconf 87' lang='lat' dir='ltr'>ultimo</span> <span class='ocrx_word' id='word_1_75' title='bbox 3110 1324 3285 1403; x_wconf 86' lang='lat' dir='ltr'>pede</span> 
     </span>
     <span class='ocr_line' id='line_1_11' title="bbox 576 1428 3284 1510; baseline -0.001 -18"><span class='ocrx_word' id='word_1_76' title='bbox 576 1448 790 1509; x_wconf 87' lang='lat' dir='ltr'>aeque</span> <span class='ocrx_word' id='word_1_77' title='bbox 857 1438 1017 1493; x_wconf 90' lang='lat' dir='ltr'>sunt</span> <span class='ocrx_word' id='word_1_78' title='bbox 1081 1430 1500 1510; x_wconf 86' lang='lat' dir='ltr'>frequentia;</span> <span class='ocrx_word' id='word_1_79' title='bbox 1571 1431 1684 1492; x_wconf 89' lang='lat' dir='ltr'>illa</span> <span class='ocrx_word' id='word_1_80' title='bbox 1751 1432 1929 1493; x_wconf 90' lang='lat' dir='ltr'>enim</span> <span class='ocrx_word' id='word_1_81' title='bbox 2000 1428 2260 1506; x_wconf 76' lang='lat' dir='ltr'>CXX³‘·,</span> <span class='ocrx_word' id='word_1_82' title='bbox 2328 1432 2489 1492; x_wconf 87' lang='lat' dir='ltr'>haec</span> <span class='ocrx_word' id='word_1_83' title='bbox 2546 1428 2757 1492; x_wconf 72' lang='lat' dir='ltr'>CIV³⁸⁵</span> <span class='ocrx_word' id='word_1_84' title='bbox 2816 1430 3284 1492; x_wconf 85' lang='lat' dir='ltr'>inveniuntur.</span> 
     </span>
     <span class='ocr_line' id='line_1_12' title="bbox 579 1534 3286 1598; baseline -0.001 -2"><span class='ocrx_word' id='word_1_85' title='bbox 579 1536 707 1596; x_wconf 94' lang='lat' dir='ltr'>Hic</span> <span class='ocrx_word' id='word_1_86' title='bbox 802 1536 1477 1598; x_wconf 86' lang='lat' dir='ltr'>commemorandum</span> <span class='ocrx_word' id='word_1_87' title='bbox 1573 1554 1723 1597; x_wconf 88' lang='lat' dir='ltr'>esse</span> <span class='ocrx_word' id='word_1_88' title='bbox 1816 1536 1982 1596; x_wconf 89' lang='lat' dir='ltr'>mihi</span> <span class='ocrx_word' id='word_1_89' title='bbox 2094 1536 2371 1596; x_wconf 89' lang='lat' dir='ltr'>videtur</span> <span class='ocrx_word' id='word_1_90' title='bbox 2462 1536 2783 1597; x_wconf 86' lang='lat' dir='ltr'>omnibus</span> <span class='ocrx_word' id='word_1_91' title='bbox 2874 1534 3023 1598; x_wconf 83' lang='lat' dir='ltr'>fere</span> <span class='ocrx_word' id='word_1_92' title='bbox 3114 1535 3286 1597; x_wconf 89' lang='lat' dir='ltr'>locis</span> 
     </span>
     <span class='ocr_line' id='line_1_13' title="bbox 577 1638 3287 1721; baseline -0 -20"><span class='ocrx_word' id='word_1_93' title='bbox 577 1640 810 1701; x_wconf 88' lang='lat' dir='ltr'>verbis</span> <span class='ocrx_word' id='word_1_94' title='bbox 859 1640 1342 1702; x_wconf 84' lang='lat' dir='ltr'>choriambicis</span> <span class='ocrx_word' id='word_1_95' title='bbox 1393 1641 1805 1719; x_wconf 83' lang='lat' dir='ltr'>praecedere</span> <span class='ocrx_word' id='word_1_96' title='bbox 1854 1641 2069 1702; x_wconf 88' lang='lat' dir='ltr'>verba</span> <span class='ocrx_word' id='word_1_97' title='bbox 2134 1641 2487 1721; x_wconf 88' lang='lat' dir='ltr'>dactylica,</span> <span class='ocrx_word' id='word_1_98' title='bbox 2552 1642 2643 1701; x_wconf 89' lang='lat' dir='ltr'>ita</span> <span class='ocrx_word' id='word_1_99' title='bbox 2688 1647 2762 1701; x_wconf 86' lang='lat' dir='ltr'>ut</span> <span class='ocrx_word' id='word_1_100' title='bbox 2811 1638 3287 1701; x_wconf 79' lang='lat' dir='ltr'>LXXXVIIP‘·</span> 
     </span>
     <span class='ocr_line' id='line_1_14' title="bbox 577 1744 3323 1823; baseline -0.001 -19"><span class='ocrx_word' id='word_1_101' title='bbox 577 1745 645 1805; x_wconf 91' lang='lat' dir='ltr'>in</span> <span class='ocrx_word' id='word_1_102' title='bbox 712 1745 876 1807; x_wconf 91' lang='lat' dir='ltr'>sede</span> <span class='ocrx_word' id='word_1_103' title='bbox 941 1754 1184 1823; x_wconf 87' lang='lat' dir='ltr'>quarta</span> <span class='ocrx_word' id='word_1_104' title='bbox 1249 1762 1577 1807; x_wconf 88' lang='lat' dir='ltr'>numerus</span> <span class='ocrx_word' id='word_1_105' title='bbox 1643 1746 2022 1823; x_wconf 87' lang='lat' dir='ltr'>dactylicus</span> <span class='ocrx_word' id='word_1_106' title='bbox 2086 1745 2347 1823; x_wconf 90' lang='lat' dir='ltr'>optime</span> <span class='ocrx_word' id='word_1_107' title='bbox 2412 1752 2748 1807; x_wconf 88' lang='lat' dir='ltr'>servetur.</span> <span class='ocrx_word' id='word_1_108' title='bbox 2816 1744 3133 1807; x_wconf 88' lang='lat' dir='ltr'>Eandem</span> <span class='ocrx_word' id='word_1_109' title='bbox 3190 1745 3323 1806; x_wconf 90' lang='lat' dir='ltr'>ob.</span> 
     </span>
     <span class='ocr_line' id='line_1_15' title="bbox 574 1848 3287 1929; baseline 0 -20"><span class='ocrx_word' id='word_1_110' title='bbox 574 1866 855 1911; x_wconf 85' lang='lat' dir='ltr'>causam</span> <span class='ocrx_word' id='word_1_111' title='bbox 906 1849 975 1910; x_wconf 90' lang='lat' dir='ltr'>in</span> <span class='ocrx_word' id='word_1_112' title='bbox 1035 1850 1376 1925; x_wconf 88' lang='lat' dir='ltr'>versibus,</span> <span class='ocrx_word' id='word_1_113' title='bbox 1440 1850 1510 1911; x_wconf 90' lang='lat' dir='ltr'>in</span> <span class='ocrx_word' id='word_1_114' title='bbox 1561 1850 1815 1927; x_wconf 88' lang='lat' dir='ltr'>quibus</span> <span class='ocrx_word' id='word_1_115' title='bbox 1864 1850 2155 1911; x_wconf 81' lang='lat' dir='ltr'>verbum</span> <span class='ocrx_word' id='word_1_116' title='bbox 2206 1850 2759 1929; x_wconf 83' lang='lat' dir='ltr'>monosyllabum</span> <span class='ocrx_word' id='word_1_117' title='bbox 2805 1848 3053 1911; x_wconf 87' lang='lat' dir='ltr'>incidit</span> <span class='ocrx_word' id='word_1_118' title='bbox 3106 1849 3287 1909; x_wconf 86' lang='lat' dir='ltr'>inter</span> 
     </span>
     <span class='ocr_line' id='line_1_16' title="bbox 575 1954 3284 2033; baseline 0.001 -21"><span class='ocrx_word' id='word_1_119' title='bbox 575 1954 987 2015; x_wconf 87' lang='lat' dir='ltr'>vocabulum</span> <span class='ocrx_word' id='word_1_120' title='bbox 1057 1955 1466 2032; x_wconf 86' lang='lat' dir='ltr'>dactylicum</span> <span class='ocrx_word' id='word_1_121' title='bbox 1515 1962 1582 2015; x_wconf 87' lang='lat' dir='ltr'>et</span> <span class='ocrx_word' id='word_1_122' title='bbox 1639 1954 2166 2032; x_wconf 85' lang='lat' dir='ltr'>anapaesticum,</span> <span class='ocrx_word' id='word_1_123' title='bbox 2232 1972 2369 2015; x_wconf 86' lang='lat' dir='ltr'>vox</span> <span class='ocrx_word' id='word_1_124' title='bbox 2436 1954 2914 2033; x_wconf 85' lang='lat' dir='ltr'>monosyllaba</span> <span class='ocrx_word' id='word_1_125' title='bbox 2962 1954 3284 2015; x_wconf 88' lang='lat' dir='ltr'>omnibus</span> 
     </span>
     <span class='ocr_line' id='line_1_17' title="bbox 576 2058 2413 2137; baseline 0.001 -20"><span class='ocrx_word' id='word_1_126' title='bbox 576 2058 750 2119; x_wconf 92' lang='lat' dir='ltr'>locis</span> <span class='ocrx_word' id='word_1_127' title='bbox 799 2066 944 2120; x_wconf 89' lang='lat' dir='ltr'>arte</span> <span class='ocrx_word' id='word_1_128' title='bbox 991 2062 1310 2120; x_wconf 89' lang='lat' dir='ltr'>cohaeret</span> <span class='ocrx_word' id='word_1_129' title='bbox 1359 2078 1510 2121; x_wconf 89' lang='lat' dir='ltr'>curn</span> <span class='ocrx_word' id='word_1_130' title='bbox 1559 2059 1795 2133; x_wconf 81' lang='lat' dir='ltr'>verbo,</span> <span class='ocrx_word' id='word_1_131' title='bbox 1846 2060 2031 2137; x_wconf 91' lang='lat' dir='ltr'>quod</span> <span class='ocrx_word' id='word_1_132' title='bbox 2080 2060 2413 2137; x_wconf 87' lang='lat' dir='ltr'>sequitur.</span> 
     </span>
    </p>

    <p class='ocr_par' dir='ltr' id='par_1_6' title="bbox 573 2163 3285 2349">
     <span class='ocr_line' id='line_1_18' title="bbox 783 2163 3285 2241; baseline 0 -18"><span class='ocrx_word' id='word_1_133' title='bbox 783 2164 954 2224; x_wconf 91' lang='lat' dir='ltr'>Tum</span> <span class='ocrx_word' id='word_1_134' title='bbox 1005 2163 1072 2224; x_wconf 91' lang='lat' dir='ltr'>in</span> <span class='ocrx_word' id='word_1_135' title='bbox 1133 2165 1297 2225; x_wconf 90' lang='lat' dir='ltr'>sede</span> <span class='ocrx_word' id='word_1_136' title='bbox 1344 2173 1652 2226; x_wconf 84' lang='lat' dir='ltr'>extrema</span> <span class='ocrx_word' id='word_1_137' title='bbox 1700 2165 1808 2225; x_wconf 90' lang='lat' dir='ltr'>hic</span> <span class='ocrx_word' id='word_1_138' title='bbox 1857 2181 2103 2241; x_wconf 88' lang='lat' dir='ltr'>passus</span> <span class='ocrx_word' id='word_1_139' title='bbox 2152 2182 2290 2226; x_wconf 90' lang='lat' dir='ltr'>non</span> <span class='ocrx_word' id='word_1_140' title='bbox 2338 2171 2441 2225; x_wconf 89' lang='lat' dir='ltr'>est</span> <span class='ocrx_word' id='word_1_141' title='bbox 2504 2164 2703 2227; x_wconf 87' lang='lat' dir='ltr'>aliam</span> <span class='ocrx_word' id='word_1_142' title='bbox 2754 2181 2991 2224; x_wconf 80' lang='lat' dir='ltr'>vocem</span> <span class='ocrx_word' id='word_1_143' title='bbox 3050 2182 3285 2224; x_wconf 89' lang='lat' dir='ltr'>mono·</span> 
     </span>
     <span class='ocr_line' id='line_1_19' title="bbox 573 2267 3283 2349; baseline -0 -21"><span class='ocrx_word' id='word_1_144' title='bbox 573 2267 904 2348; x_wconf 83' lang='lat' dir='ltr'>syllabam</span> <span class='ocrx_word' id='word_1_145' title='bbox 939 2276 1209 2331; x_wconf 84' lang='lat' dir='ltr'>exstare</span> <span class='ocrx_word' id='word_1_146' title='bbox 1245 2277 1452 2347; x_wconf 89' lang='lat' dir='ltr'>atque</span> <span class='ocrx_word' id='word_1_147' title='bbox 1484 2276 1572 2327; x_wconf 75' lang='lat' dir='ltr'>est</span> <span class='ocrx_word' id='word_1_148' title='bbox 1619 2269 1822 2345; x_wconf 89' lang='lat' dir='ltr'>(XXI,</span> <span class='ocrx_word' id='word_1_149' title='bbox 1872 2275 2029 2329; x_wconf 76' lang='lat'><strong>293:</strong></span> <span class='ocrx_word' id='word_1_150' title='bbox 2081 2270 2271 2345; x_wconf 74' lang='lat' dir='ltr'>sunt),</span> <span class='ocrx_word' id='word_1_151' title='bbox 2324 2270 2431 2329; x_wconf 91' lang='lat' dir='ltr'>cui</span> <span class='ocrx_word' id='word_1_152' title='bbox 2468 2270 2756 2331; x_wconf 82' lang='lat' dir='ltr'>verbum</span> <span class='ocrx_word' id='word_1_153' title='bbox 2807 2268 3283 2349; x_wconf 83' lang='lat' dir='ltr'>pyrrhichium</span> 
     </span>
    </p>
   </div>
   <div class='ocr_carea' id='block_1_3' title="bbox 573 2374 1148 2453">
    <p class='ocr_par' dir='ltr' id='par_1_7' title="bbox 573 2374 1148 2453">
     <span class='ocr_line' id='line_1_20' title="bbox 573 2374 1148 2453; baseline -0.002 -19"><span class='ocrx_word' id='word_1_154' title='bbox 573 2374 894 2453; x_wconf 90' lang='lat' dir='ltr'>anteponi</span> <span class='ocrx_word' id='word_1_155' title='bbox 942 2375 1148 2436; x_wconf 88' lang='lat' dir='ltr'>solet:</span> 
     </span>
    </p>
   </div>
   <div class='ocr_carea' id='block_1_4' title="bbox 785 2530 2671 3031">
    <p class='ocr_par' dir='ltr' id='par_1_8' title="bbox 785 2530 2671 3031">
     <span class='ocr_line' id='line_1_21' title="bbox 785 2530 2548 2596; baseline 0 -17"><span class='ocrx_word' id='word_1_156' title='bbox 785 2530 951 2596; x_wconf 76' lang='lat' dir='ltr'>XXV,</span> <span class='ocrx_word' id='word_1_157' title='bbox 995 2532 1120 2580; x_wconf 78' lang='lat'>1⁷4:</span> <span class='ocrx_word' id='word_1_158' title='bbox 1161 2532 1344 2580; x_wconf 85' lang='lat' dir='ltr'>Mente</span> <span class='ocrx_word' id='word_1_159' title='bbox 1381 2533 1490 2580; x_wconf 86' lang='lat' dir='ltr'>coit</span> <span class='ocrx_word' id='word_1_160' title='bbox 1529 2532 1617 2581; x_wconf 86' lang='lat' dir='ltr'>cui</span> <span class='ocrx_word' id='word_1_161' title='bbox 1657 2531 1746 2581; x_wconf 86' lang='lat' dir='ltr'>vir</span> <span class='ocrx_word' id='word_1_162' title='bbox 1784 2546 1897 2581; x_wconf 89' lang='lat' dir='ltr'>non</span> <span class='ocrx_word' id='word_1_163' title='bbox 1939 2534 2103 2580; x_wconf 88' lang='lat' dir='ltr'>homo</span> <span class='ocrx_word' id='word_1_164' title='bbox 2139 2532 2234 2581; x_wconf 92' lang='lat' dir='ltr'>sed</span> <span class='ocrx_word' id='word_1_165' title='bbox 2275 2532 2411 2579; x_wconf 85' lang='lat' dir='ltr'>deus</span> <span class='ocrx_word' id='word_1_166' title='bbox 2448 2538 2548 2593; x_wconf 87' lang='lat' dir='ltr'>est,</span> 
     </span>
     <span class='ocr_line' id='line_1_22' title="bbox 993 2618 2671 2680; baseline 0 -13"><span class='ocrx_word' id='word_1_167' title='bbox 993 2620 1118 2667; x_wconf 81' lang='lat'>182:</span> <span class='ocrx_word' id='word_1_168' title='bbox 1158 2619 1408 2668; x_wconf 82' lang='lat' dir='ltr'>Membra</span> <span class='ocrx_word' id='word_1_169' title='bbox 1447 2620 1652 2680; x_wconf 89' lang='lat' dir='ltr'>quibus</span> <span class='ocrx_word' id='word_1_170' title='bbox 1689 2619 1943 2669; x_wconf 83' lang='lat' dir='ltr'>Christus</span> <span class='ocrx_word' id='word_1_171' title='bbox 1982 2619 2234 2680; x_wconf 85' lang='lat' dir='ltr'>corporis</span> <span class='ocrx_word' id='word_1_172' title='bbox 2270 2618 2327 2666; x_wconf 88' lang='lat' dir='ltr'>in</span> <span class='ocrx_word' id='word_1_173' title='bbox 2368 2624 2534 2679; x_wconf 80' lang='lat' dir='ltr'>caput</span> <span class='ocrx_word' id='word_1_174' title='bbox 2573 2624 2671 2667; x_wconf 78' lang='lat' dir='ltr'>est.</span> 
     </span>
     <span class='ocr_line' id='line_1_23' title="bbox 989 2705 2643 2769; baseline -0.001 -14"><span class='ocrx_word' id='word_1_175' title='bbox 989 2708 1118 2755; x_wconf 77' lang='lat'>216:</span> <span class='ocrx_word' id='word_1_176' title='bbox 1159 2706 1360 2755; x_wconf 89' lang='lat' dir='ltr'>Munus</span> <span class='ocrx_word' id='word_1_177' title='bbox 1398 2718 1650 2767; x_wconf 85' lang='lat' dir='ltr'>opusque</span> <span class='ocrx_word' id='word_1_178' title='bbox 1689 2707 1805 2754; x_wconf 87' lang='lat' dir='ltr'>dei!</span> <span class='ocrx_word' id='word_1_179' title='bbox 1844 2707 1941 2767; x_wconf 86' lang='lat' dir='ltr'>qui</span> <span class='ocrx_word' id='word_1_180' title='bbox 1982 2705 2181 2769; x_wconf 87' lang='lat' dir='ltr'>minor,</span> <span class='ocrx_word' id='word_1_181' title='bbox 2222 2706 2311 2753; x_wconf 87' lang='lat' dir='ltr'>hic</span> <span class='ocrx_word' id='word_1_182' title='bbox 2348 2710 2509 2765; x_wconf 83' lang='lat' dir='ltr'>pater</span> <span class='ocrx_word' id='word_1_183' title='bbox 2546 2712 2643 2767; x_wconf 80' lang='lat' dir='ltr'>est,</span> 
     </span>
     <span class='ocr_line' id='line_1_24' title="bbox 789 2791 2524 2853; baseline 0 -14"><span class='ocrx_word' id='word_1_184' title='bbox 789 2791 988 2853; x_wconf 77' lang='lat' dir='ltr'>XXXI,</span> <span class='ocrx_word' id='word_1_185' title='bbox 1025 2794 1119 2841; x_wconf 84' lang='lat'>46:</span> <span class='ocrx_word' id='word_1_186' title='bbox 1160 2791 1626 2853; x_wconf 85' lang='lat' dir='ltr'>Gaudentemque</span> <span class='ocrx_word' id='word_1_187' title='bbox 1664 2792 1769 2841; x_wconf 87' lang='lat' dir='ltr'>deo</span> <span class='ocrx_word' id='word_1_188' title='bbox 1810 2794 1948 2841; x_wconf 82' lang='lat' dir='ltr'>flere</span> <span class='ocrx_word' id='word_1_189' title='bbox 1986 2805 2193 2841; x_wconf 87' lang='lat' dir='ltr'>nocens</span> <span class='ocrx_word' id='word_1_190' title='bbox 2232 2804 2388 2839; x_wconf 86' lang='lat' dir='ltr'>amor</span> <span class='ocrx_word' id='word_1_191' title='bbox 2426 2798 2524 2839; x_wconf 84' lang='lat' dir='ltr'>est.</span> 
     </span>
     <span class='ocr_line' id='line_1_25' title="bbox 987 2878 2420 2941; baseline 0 -14"><span class='ocrx_word' id='word_1_192' title='bbox 987 2880 1112 2927; x_wconf 76' lang='lat'>424:</span> <span class='ocrx_word' id='word_1_193' title='bbox 1153 2879 1418 2940; x_wconf 84' lang='lat' dir='ltr'>Ingentes</span> <span class='ocrx_word' id='word_1_194' title='bbox 1455 2880 1654 2941; x_wconf 82' lang='lat' dir='ltr'>plagas</span> <span class='ocrx_word' id='word_1_195' title='bbox 1692 2878 1926 2928; x_wconf 81' lang='lat' dir='ltr'>flumine</span> <span class='ocrx_word' id='word_1_196' title='bbox 1965 2880 2106 2929; x_wconf 79' lang='lat' dir='ltr'>flere</span> <span class='ocrx_word' id='word_1_197' title='bbox 2145 2892 2285 2940; x_wconf 85' lang='lat' dir='ltr'>opus</span> <span class='ocrx_word' id='word_1_198' title='bbox 2322 2884 2420 2940; x_wconf 73' lang='lat' dir='ltr'>est,</span> 
     </span>
     <span class='ocr_line' id='line_1_26' title="bbox 989 2966 2454 3031; baseline -0.001 -16"><span class='ocrx_word' id='word_1_199' title='bbox 989 2968 1117 3015; x_wconf 80' lang='lat'><strong>602:</strong></span> <span class='ocrx_word' id='word_1_200' title='bbox 1157 2966 1423 3031; x_wconf 84' lang='lat' dir='ltr'>Nominis,</span> <span class='ocrx_word' id='word_1_201' title='bbox 1465 2967 1672 3016; x_wconf 85' lang='lat' dir='ltr'>accitus</span> <span class='ocrx_word' id='word_1_202' title='bbox 1711 2972 1961 3027; x_wconf 87' lang='lat' dir='ltr'>tempore</span> <span class='ocrx_word' id='word_1_203' title='bbox 2002 2982 2115 3028; x_wconf 85' lang='lat' dir='ltr'>quo</span> <span class='ocrx_word' id='word_1_204' title='bbox 2155 2968 2320 3015; x_wconf 83' lang='lat' dir='ltr'>datus</span> <span class='ocrx_word' id='word_1_205' title='bbox 2357 2974 2454 3015; x_wconf 84' lang='lat' dir='ltr'>est.</span> 
     </span>
    </p>
   </div>
   <div class='ocr_carea' id='block_1_5' title="bbox 565 3086 3283 4855">
    <p class='ocr_par' dir='ltr' id='par_1_9' title="bbox 567 3086 3283 4007">
     <span class='ocr_line' id='line_1_27' title="bbox 781 3086 3283 3188; baseline 0 -21"><span class='ocrx_word' id='word_1_206' title='bbox 781 3086 859 3167; x_wconf 87' lang='lat' dir='ltr'>In</span> <span class='ocrx_word' id='word_1_207' title='bbox 915 3108 1090 3185; x_wconf 89' lang='lat' dir='ltr'>pede</span> <span class='ocrx_word' id='word_1_208' title='bbox 1143 3115 1389 3185; x_wconf 88' lang='lat' dir='ltr'>quarto</span> <span class='ocrx_word' id='word_1_209' title='bbox 1443 3106 1615 3169; x_wconf 84' lang='lat' dir='ltr'>CCV</span> <span class='ocrx_word' id='word_1_210' title='bbox 1649 3108 1867 3170; x_wconf 84' lang='lat' dir='ltr'>verba</span> <span class='ocrx_word' id='word_1_211' title='bbox 1903 3108 2243 3188; x_wconf 88' lang='lat' dir='ltr'>dactylica</span> <span class='ocrx_word' id='word_1_212' title='bbox 2277 3107 2743 3185; x_wconf 81' lang='lat' dir='ltr'>reperiuntur.</span> <span class='ocrx_word' id='word_1_213' title='bbox 2780 3108 2997 3179; x_wconf 81' lang='lat' dir='ltr'>Quem</span> <span class='ocrx_word' id='word_1_214' title='bbox 3050 3125 3283 3168; x_wconf 88' lang='lat' dir='ltr'>nume—</span> 
     </span>
     <span class='ocr_line' id='line_1_28' title="bbox 572 3210 3280 3291; baseline 0 -22"><span class='ocrx_word' id='word_1_215' title='bbox 572 3228 743 3286; x_wconf 88' lang='lat' dir='ltr'>rum,</span> <span class='ocrx_word' id='word_1_216' title='bbox 827 3211 884 3270; x_wconf 86' lang='lat' dir='ltr'>si</span> <span class='ocrx_word' id='word_1_217' title='bbox 972 3210 1244 3273; x_wconf 83' lang='lat' dir='ltr'>confers</span> <span class='ocrx_word' id='word_1_218' title='bbox 1330 3231 1480 3273; x_wconf 90' lang='lat' dir='ltr'>cum</span> <span class='ocrx_word' id='word_1_219' title='bbox 1583 3212 1857 3273; x_wconf 91' lang='lat' dir='ltr'>LXXXI</span> <span class='ocrx_word' id='word_1_220' title='bbox 1946 3213 2281 3285; x_wconf 76' lang='lat' dir='ltr'>versibUS,</span> <span class='ocrx_word' id='word_1_221' title='bbox 2346 3211 2417 3271; x_wconf 90' lang='lat' dir='ltr'>in</span> <span class='ocrx_word' id='word_1_222' title='bbox 2506 3212 2757 3289; x_wconf 90' lang='lat' dir='ltr'>quibus</span> <span class='ocrx_word' id='word_1_223' title='bbox 2822 3213 3053 3291; x_wconf 88' lang='lat' dir='ltr'>primo</span> <span class='ocrx_word' id='word_1_224' title='bbox 3128 3211 3280 3271; x_wconf 84' lang='lat' dir='ltr'>loco</span> 
     </span>
     <span class='ocr_line' id='line_1_29' title="bbox 575 3315 3281 3394; baseline 0 -20"><span class='ocrx_word' id='word_1_225' title='bbox 575 3316 784 3375; x_wconf 88' lang='lat' dir='ltr'>verba</span> <span class='ocrx_word' id='word_1_226' title='bbox 821 3315 1156 3393; x_wconf 84' lang='lat' dir='ltr'>dactylica</span> <span class='ocrx_word' id='word_1_227' title='bbox 1191 3318 1412 3394; x_wconf 86' lang='lat' dir='ltr'>posita</span> <span class='ocrx_word' id='word_1_228' title='bbox 1445 3323 1622 3387; x_wconf 87' lang='lat' dir='ltr'>sunt,</span> <span class='ocrx_word' id='word_1_229' title='bbox 1672 3324 1859 3378; x_wconf 88' lang='lat' dir='ltr'>certe</span> <span class='ocrx_word' id='word_1_230' title='bbox 1894 3316 2305 3377; x_wconf 86' lang='lat' dir='ltr'>concludere</span> <span class='ocrx_word' id='word_1_231' title='bbox 2337 3316 2497 3377; x_wconf 87' lang='lat' dir='ltr'>licet</span> <span class='ocrx_word' id='word_1_232' title='bbox 2544 3318 2672 3377; x_wconf 92' lang='lat' dir='ltr'>hoc</span> <span class='ocrx_word' id='word_1_233' title='bbox 2724 3318 2879 3379; x_wconf 94' lang='lat' dir='ltr'>loco</span> <span class='ocrx_word' id='word_1_234' title='bbox 2912 3315 3281 3377; x_wconf 88' lang='lat' dir='ltr'>Paulinum</span> 
     </span>
     <span class='ocr_line' id='line_1_30' title="bbox 571 3420 3281 3501; baseline 0.001 -22"><span class='ocrx_word' id='word_1_235' title='bbox 571 3426 892 3480; x_wconf 82' lang='lat' dir='ltr'>accentus</span> <span class='ocrx_word' id='word_1_236' title='bbox 941 3428 1008 3480; x_wconf 91' lang='lat' dir='ltr'>et</span> <span class='ocrx_word' id='word_1_237' title='bbox 1057 3420 1230 3481; x_wconf 91' lang='lat' dir='ltr'>ictus</span> <span class='ocrx_word' id='word_1_238' title='bbox 1278 3422 1548 3483; x_wconf 87' lang='lat' dir='ltr'>metrici</span> <span class='ocrx_word' id='word_1_239' title='bbox 1615 3420 2077 3501; x_wconf 87' lang='lat' dir='ltr'>discrepantia</span> <span class='ocrx_word' id='word_1_240' title='bbox 2146 3420 2373 3482; x_wconf 87' lang='lat' dir='ltr'>minus</span> <span class='ocrx_word' id='word_1_241' title='bbox 2440 3421 2847 3483; x_wconf 87' lang='lat' dir='ltr'>delectatum</span> <span class='ocrx_word' id='word_1_242' title='bbox 2908 3438 3080 3483; x_wconf 89' lang='lat' dir='ltr'>esse.</span> <span class='ocrx_word' id='word_1_243' title='bbox 3146 3420 3281 3483; x_wconf 88' lang='lat' dir='ltr'>Sed</span> 
     </span>
     <span class='ocr_line' id='line_1_31' title="bbox 570 3524 3279 3605; baseline 0.001 -22"><span class='ocrx_word' id='word_1_244' title='bbox 570 3542 654 3584; x_wconf 88' lang='lat' dir='ltr'>ne</span> <span class='ocrx_word' id='word_1_245' title='bbox 721 3526 998 3585; x_wconf 84' lang='lat' dir='ltr'>modum</span> <span class='ocrx_word' id='word_1_246' title='bbox 1050 3526 1342 3588; x_wconf 83' lang='lat' dir='ltr'>excedas</span> <span class='ocrx_word' id='word_1_247' title='bbox 1411 3543 1584 3587; x_wconf 84' lang='lat' dir='ltr'>neve</span> <span class='ocrx_word' id='word_1_248' title='bbox 1634 3532 1897 3588; x_wconf 89' lang='lat' dir='ltr'>statuas</span> <span class='ocrx_word' id='word_1_249' title='bbox 1964 3527 2239 3605; x_wconf 60' lang='lat' dir='ltr'>poetam</span> <span class='ocrx_word' id='word_1_250' title='bbox 2291 3526 2359 3585; x_wconf 89' lang='lat' dir='ltr'>in</span> <span class='ocrx_word' id='word_1_251' title='bbox 2410 3532 2651 3603; x_wconf 87' lang='lat' dir='ltr'>quarta</span> <span class='ocrx_word' id='word_1_252' title='bbox 2698 3524 2864 3587; x_wconf 82' lang='lat' dir='ltr'>sede</span> <span class='ocrx_word' id='word_1_253' title='bbox 2910 3543 3279 3587; x_wconf 89' lang='lat' dir='ltr'>numerum</span> 
     </span>
     <span class='ocr_line' id='line_1_32' title="bbox 569 3618 3281 3707; baseline 0 -19"><span class='ocrx_word' id='word_1_254' title='bbox 569 3628 978 3707; x_wconf 87' lang='lat' dir='ltr'>dactylicum</span> <span class='ocrx_word' id='word_1_255' title='bbox 1029 3630 1216 3689; x_wconf 83' lang='lat' dir='ltr'>omni</span> <span class='ocrx_word' id='word_1_256' title='bbox 1267 3650 1430 3691; x_wconf 88' lang='lat' dir='ltr'>cura</span> <span class='ocrx_word' id='word_1_257' title='bbox 1479 3649 1758 3693; x_wconf 85' lang='lat' dir='ltr'>servare</span> <span class='ocrx_word' id='word_1_258' title='bbox 1808 3618 2177 3706; x_wconf 84' lang='lat' dir='ltr'>studuisse,</span> <span class='ocrx_word' id='word_1_259' title='bbox 2245 3631 2539 3706; x_wconf 83' lang='lat' dir='ltr'>obstant,</span> <span class='ocrx_word' id='word_1_260' title='bbox 2606 3638 2680 3690; x_wconf 89' lang='lat' dir='ltr'>ut</span> <span class='ocrx_word' id='word_1_261' title='bbox 2729 3632 2857 3691; x_wconf 89' lang='lat' dir='ltr'>hoc</span> <span class='ocrx_word' id='word_1_262' title='bbox 2902 3648 3119 3691; x_wconf 91' lang='lat' dir='ltr'>unum</span> <span class='ocrx_word' id='word_1_263' title='bbox 3168 3629 3281 3691; x_wconf 88' lang='lat' dir='ltr'>ad-</span> 
     </span>
     <span class='ocr_line' id='line_1_33' title="bbox 568 3733 3277 3814; baseline 0.001 -23"><span class='ocrx_word' id='word_1_264' title='bbox 568 3733 803 3805; x_wconf 85' lang='lat' dir='ltr'>feram,</span> <span class='ocrx_word' id='word_1_265' title='bbox 869 3736 1024 3811; x_wconf 88' lang='lat' dir='ltr'>plus</span> <span class='ocrx_word' id='word_1_266' title='bbox 1091 3734 1377 3811; x_wconf 74' lang='lat' dir='ltr'>triginta</span> <span class='ocrx_word' id='word_1_267' title='bbox 1449 3754 1710 3811; x_wconf 63' lang='lat' dir='ltr'>vermm,</span> <span class='ocrx_word' id='word_1_268' title='bbox 1775 3737 1843 3797; x_wconf 91' lang='lat' dir='ltr'>in</span> <span class='ocrx_word' id='word_1_269' title='bbox 1916 3736 2169 3814; x_wconf 85' lang='lat' dir='ltr'>quibus</span> <span class='ocrx_word' id='word_1_270' title='bbox 2238 3754 2371 3795; x_wconf 77' lang='lat' dir='ltr'>vox</span> <span class='ocrx_word' id='word_1_271' title='bbox 2439 3735 2913 3812; x_wconf 82' lang='lat' dir='ltr'>monosyllaba</span> <span class='ocrx_word' id='word_1_272' title='bbox 2980 3734 3277 3795; x_wconf 78' lang='lat' dir='ltr'>verbum</span> 
     </span>
     <span class='ocr_line' id='line_1_34' title="bbox 567 3838 3279 3917; baseline -0 -18"><span class='ocrx_word' id='word_1_273' title='bbox 567 3838 1071 3915; x_wconf 84' lang='lat' dir='ltr'>anapaesticum</span> <span class='ocrx_word' id='word_1_274' title='bbox 1141 3841 1507 3917; x_wconf 88' lang='lat' dir='ltr'>praecedit.</span> <span class='ocrx_word' id='word_1_275' title='bbox 1585 3842 1730 3911; x_wconf 85' lang='lat' dir='ltr'>Qua</span> <span class='ocrx_word' id='word_1_276' title='bbox 1801 3842 1883 3901; x_wconf 90' lang='lat' dir='ltr'>de</span> <span class='ocrx_word' id='word_1_277' title='bbox 1951 3859 2152 3901; x_wconf 87' lang='lat' dir='ltr'>causa</span> <span class='ocrx_word' id='word_1_278' title='bbox 2217 3842 2347 3900; x_wconf 89' lang='lat' dir='ltr'>hoc</span> <span class='ocrx_word' id='word_1_279' title='bbox 2416 3842 2637 3900; x_wconf 78' lang='lat' dir='ltr'>solum</span> <span class='ocrx_word' id='word_1_280' title='bbox 2720 3848 3023 3900; x_wconf 83' lang='lat' dir='ltr'>statuere</span> <span class='ocrx_word' id='word_1_281' title='bbox 3103 3840 3279 3909; x_wconf 76' lang='lat' dir='ltr'>licet,</span> 
     </span>
     <span class='ocr_line' id='line_1_35' title="bbox 568 3941 2276 4007; baseline 0.003 -6"><span class='ocrx_word' id='word_1_282' title='bbox 568 3941 928 4003; x_wconf 86' lang='lat' dir='ltr'>Paulinum</span> <span class='ocrx_word' id='word_1_283' title='bbox 982 3944 1054 4003; x_wconf 91' lang='lat' dir='ltr'>in</span> <span class='ocrx_word' id='word_1_284' title='bbox 1102 3945 1228 4005; x_wconf 87' lang='lat' dir='ltr'>hac</span> <span class='ocrx_word' id='word_1_285' title='bbox 1279 3944 1442 4005; x_wconf 90' lang='lat' dir='ltr'>sede</span> <span class='ocrx_word' id='word_1_286' title='bbox 1489 3944 1808 4007; x_wconf 88' lang='lat' dir='ltr'>libertate</span> <span class='ocrx_word' id='word_1_287' title='bbox 1857 3962 2055 4005; x_wconf 88' lang='lat' dir='ltr'>usum</span> <span class='ocrx_word' id='word_1_288' title='bbox 2105 3961 2276 4006; x_wconf 88' lang='lat' dir='ltr'>esse.</span> 
     </span>
    </p>

    <p class='ocr_par' dir='ltr' id='par_1_10' title="bbox 565 4046 3279 4855">
     <span class='ocr_line' id='line_1_36' title="bbox 776 4046 3279 4128; baseline 0 -21"><span class='ocrx_word' id='word_1_289' title='bbox 776 4048 854 4108; x_wconf 91' lang='lat' dir='ltr'>In</span> <span class='ocrx_word' id='word_1_290' title='bbox 902 4046 1209 4125; x_wconf 86' lang='lat' dir='ltr'>iambis,</span> <span class='ocrx_word' id='word_1_291' title='bbox 1245 4054 1318 4110; x_wconf 90' lang='lat' dir='ltr'>ut</span> <span class='ocrx_word' id='word_1_292' title='bbox 1365 4050 1728 4128; x_wconf 86' lang='lat' dir='ltr'>rhythmus</span> <span class='ocrx_word' id='word_1_293' title='bbox 1763 4055 2103 4125; x_wconf 85' lang='lat' dir='ltr'>servetur,</span> <span class='ocrx_word' id='word_1_294' title='bbox 2138 4067 2417 4111; x_wconf 88' lang='lat' dir='ltr'>caesura</span> <span class='ocrx_word' id='word_1_295' title='bbox 2452 4051 2934 4127; x_wconf 82' lang='lat' dir='ltr'>semiquinaria</span> <span class='ocrx_word' id='word_1_296' title='bbox 2968 4047 3279 4108; x_wconf 84' lang='lat' dir='ltr'>incidere</span> 
     </span>
     <span class='ocr_line' id='line_1_37' title="bbox 568 4152 3277 4233; baseline -0.001 -21"><span class='ocrx_word' id='word_1_297' title='bbox 568 4152 774 4213; x_wconf 87' lang='lat' dir='ltr'>debet</span> <span class='ocrx_word' id='word_1_298' title='bbox 821 4160 936 4213; x_wconf 89' lang='lat' dir='ltr'>aut</span> <span class='ocrx_word' id='word_1_299' title='bbox 980 4161 1142 4233; x_wconf 89' lang='lat' dir='ltr'>post</span> <span class='ocrx_word' id='word_1_300' title='bbox 1176 4154 1467 4215; x_wconf 85' lang='lat' dir='ltr'>verbum</span> <span class='ocrx_word' id='word_1_301' title='bbox 1501 4156 1921 4215; x_wconf 86' lang='lat' dir='ltr'>trochaicum</span> <span class='ocrx_word' id='word_1_302' title='bbox 1974 4152 2084 4215; x_wconf 87' lang='lat' dir='ltr'>vel</span> <span class='ocrx_word' id='word_1_303' title='bbox 2134 4153 2199 4213; x_wconf 91' lang='lat' dir='ltr'>in</span> <span class='ocrx_word' id='word_1_304' title='bbox 2240 4156 2633 4215; x_wconf 86' lang='lat' dir='ltr'>trochaeum</span> <span class='ocrx_word' id='word_1_305' title='bbox 2671 4156 2909 4214; x_wconf 85' lang='lat' dir='ltr'>exiens</span> <span class='ocrx_word' id='word_1_306' title='bbox 2956 4160 3073 4214; x_wconf 86' lang='lat' dir='ltr'>aut</span> <span class='ocrx_word' id='word_1_307' title='bbox 3118 4159 3277 4231; x_wconf 81' lang='lat' dir='ltr'>post</span> 
     </span>
     <span class='ocr_line' id='line_1_38' title="bbox 568 4256 3273 4335; baseline 0 -20"><span class='ocrx_word' id='word_1_308' title='bbox 568 4257 704 4315; x_wconf 82' lang='lat' dir='ltr'>(luo</span> <span class='ocrx_word' id='word_1_309' title='bbox 753 4256 1245 4335; x_wconf 85' lang='lat' dir='ltr'>monosyllaba.</span> <span class='ocrx_word' id='word_1_310' title='bbox 1311 4257 1540 4335; x_wconf 88' lang='lat' dir='ltr'>Atque</span> <span class='ocrx_word' id='word_1_311' title='bbox 1587 4258 1699 4318; x_wconf 89' lang='lat' dir='ltr'>illa</span> <span class='ocrx_word' id='word_1_312' title='bbox 1763 4258 1985 4318; x_wconf 82' lang='lat' dir='ltr'>forma</span> <span class='ocrx_word' id='word_1_313' title='bbox 2032 4265 2107 4319; x_wconf 84' lang='lat' dir='ltr'>ut</span> <span class='ocrx_word' id='word_1_314' title='bbox 2154 4259 2533 4335; x_wconf 70' lang='lat' dir='ltr'>elegantior</span> <span class='ocrx_word' id='word_1_315' title='bbox 2580 4258 2897 4335; x_wconf 87' lang='lat' dir='ltr'>plurimis</span> <span class='ocrx_word' id='word_1_316' title='bbox 2943 4256 3115 4317; x_wconf 87' lang='lat' dir='ltr'>locis</span> <span class='ocrx_word' id='word_1_317' title='bbox 3165 4274 3273 4317; x_wconf 81' lang='lat' dir='ltr'>ex-</span> 
     </span>
     <span class='ocr_line' id='line_1_39' title="bbox 566 4360 3275 4439; baseline 0 -20"><span class='ocrx_word' id='word_1_318' title='bbox 566 4366 734 4433; x_wconf 79' lang='lat' dir='ltr'>stat;</span> <span class='ocrx_word' id='word_1_319' title='bbox 789 4360 925 4421; x_wconf 88' lang='lat' dir='ltr'>duo</span> <span class='ocrx_word' id='word_1_320' title='bbox 957 4362 1445 4438; x_wconf 87' lang='lat' dir='ltr'>monosyllaba,</span> <span class='ocrx_word' id='word_1_321' title='bbox 1480 4380 1652 4439; x_wconf 85' lang='lat' dir='ltr'>quae</span> <span class='ocrx_word' id='word_1_322' title='bbox 1701 4362 1939 4421; x_wconf 89' lang='lat' dir='ltr'>enclisi</span> <span class='ocrx_word' id='word_1_323' title='bbox 1990 4370 2137 4423; x_wconf 86' lang='lat' dir='ltr'>arte</span> <span class='ocrx_word' id='word_1_324' title='bbox 2188 4364 2576 4435; x_wconf 84' lang='lat' dir='ltr'>cohaerent,</span> <span class='ocrx_word' id='word_1_325' title='bbox 2624 4364 2693 4421; x_wconf 90' lang='lat' dir='ltr'>iu</span> <span class='ocrx_word' id='word_1_326' title='bbox 2742 4361 2905 4421; x_wconf 89' lang='lat' dir='ltr'>solis</span> <span class='ocrx_word' id='word_1_327' title='bbox 2954 4361 3275 4421; x_wconf 81' lang='lat' dir='ltr'>versibus</span> 
     </span>
     <span class='ocr_line' id='line_1_40' title="bbox 565 4462 3270 4549; baseline -0 -25"><span class='ocrx_word' id='word_1_328' title='bbox 565 4463 740 4539; x_wconf 89' lang='lat' dir='ltr'>XXI,</span> <span class='ocrx_word' id='word_1_329' title='bbox 792 4470 906 4525; x_wconf 81' lang='lat'>171</span> <span class='ocrx_word' id='word_1_330' title='bbox 961 4464 1060 4538; x_wconf 77' lang='lat' dir='ltr'>(iu</span> <span class='ocrx_word' id='word_1_331' title='bbox 1103 4464 1288 4549; x_wconf 75' lang='lat' dir='ltr'>quo);</span> <span class='ocrx_word' id='word_1_332' title='bbox 1341 4466 1578 4540; x_wconf 92' lang='lat' dir='ltr'>XXIV,</span> <span class='ocrx_word' id='word_1_333' title='bbox 1629 4470 1750 4525; x_wconf 74' lang='lat'>215</span> <span class='ocrx_word' id='word_1_334' title='bbox 1802 4468 1970 4541; x_wconf 68' lang='lat' dir='ltr'>(ru-m</span> <span class='ocrx_word' id='word_1_335' title='bbox 2020 4465 2162 4540; x_wconf 76' lang='lat' dir='ltr'>sit);</span> <span class='ocrx_word' id='word_1_336' title='bbox 2216 4474 2335 4528; x_wconf 74' lang='lat'><strong>:393</strong></span> <span class='ocrx_word' id='word_1_337' title='bbox 2390 4462 2507 4545; x_wconf 79' lang='lat' dir='ltr'>(ad</span> <span class='ocrx_word' id='word_1_338' title='bbox 2552 4464 2725 4543; x_wconf 47' lang='grc' dir='ltr'>πούς</span> <span class='ocrx_word' id='word_1_339' title='bbox 2758 4470 2882 4527; x_wconf 82' lang='grc'>487</span> <span class='ocrx_word' id='word_1_340' title='bbox 2930 4463 3029 4543; x_wconf 81' lang='lat' dir='ltr'>(cs</span> <span class='ocrx_word' id='word_1_341' title='bbox 3075 4474 3270 4544; x_wconf 61' lang='lat' dir='ltr'>mmo)</span> 
     </span>
     <span class='ocr_line' id='line_1_41' title="bbox 565 4568 3269 4647; baseline 0 -20"><span class='ocrx_word' id='word_1_342' title='bbox 565 4570 1030 4644; x_wconf 85' lang='lat' dir='ltr'>inveniuntur,</span> <span class='ocrx_word' id='word_1_343' title='bbox 1080 4570 1146 4630; x_wconf 90' lang='lat' dir='ltr'>in</span> <span class='ocrx_word' id='word_1_344' title='bbox 1215 4569 1345 4629; x_wconf 91' lang='lat' dir='ltr'>XII</span> <span class='ocrx_word' id='word_1_345' title='bbox 1392 4570 1707 4630; x_wconf 81' lang='lat' dir='ltr'>versibus</span> <span class='ocrx_word' id='word_1_346' title='bbox 1757 4570 1959 4647; x_wconf 86' lang='lat' dir='ltr'>(XXI,</span> <span class='ocrx_word' id='word_1_347' title='bbox 2014 4578 2163 4635; x_wconf 84' lang='lat'>111:</span> <span class='ocrx_word' id='word_1_348' title='bbox 2218 4576 2368 4645; x_wconf 84' lang='grc'><strong>167;</strong></span> <span class='ocrx_word' id='word_1_349' title='bbox 2446 4576 2594 4646; x_wconf 82' lang='grc'><strong>176;</strong></span> <span class='ocrx_word' id='word_1_350' title='bbox 2650 4574 2806 4646; x_wconf 71' lang='grc'>258;</span> <span class='ocrx_word' id='word_1_351' title='bbox 2876 4568 3116 4647; x_wconf 90' lang='lat' dir='ltr'>XXIV,</span> <span class='ocrx_word' id='word_1_352' title='bbox 3165 4574 3269 4643; x_wconf 86' lang='lat'>73;</span> 
     </span>
     <span class='ocr_line' id='line_1_42' title="bbox 568 4674 3268 4753; baseline 0.001 -22"><span class='ocrx_word' id='word_1_353' title='bbox 568 4678 723 4746; x_wconf 73' lang='lat'>3433</span> <span class='ocrx_word' id='word_1_354' title='bbox 800 4678 951 4747; x_wconf 67' lang='lat'><strong>387;</strong></span> <span class='ocrx_word' id='word_1_355' title='bbox 1023 4680 1178 4747; x_wconf 83' lang='lat'>417;</span> <span class='ocrx_word' id='word_1_356' title='bbox 1259 4680 1412 4749; x_wconf 76' lang='lat'>4473</span> <span class='ocrx_word' id='word_1_357' title='bbox 1494 4680 1644 4747; x_wconf 75' lang='lat'>4913</span> <span class='ocrx_word' id='word_1_358' title='bbox 1725 4678 1881 4748; x_wconf 76' lang='lat'>4973</span> <span class='ocrx_word' id='word_1_359' title='bbox 1964 4674 2113 4751; x_wconf 80' lang='lat'>677)</span> <span class='ocrx_word' id='word_1_360' title='bbox 2190 4675 2667 4753; x_wconf 87' lang='lat' dir='ltr'>monosyllaba</span> <span class='ocrx_word' id='word_1_361' title='bbox 2728 4675 2943 4736; x_wconf 82' lang='lat' dir='ltr'>verbo</span> <span class='ocrx_word' id='word_1_362' title='bbox 3010 4680 3268 4735; x_wconf 88' lang='lat' dir='ltr'>antece-</span> 
     </span>
     <span class='ocr_line' id='line_1_43' title="bbox 565 4776 1739 4855; baseline -0.001 -18"><span class='ocrx_word' id='word_1_363' title='bbox 565 4776 754 4837; x_wconf 85' lang='lat' dir='ltr'>denti</span> <span class='ocrx_word' id='word_1_364' title='bbox 800 4778 1218 4855; x_wconf 85' lang='lat' dir='ltr'>synaloepha</span> <span class='ocrx_word' id='word_1_365' title='bbox 1264 4778 1739 4839; x_wconf 87' lang='lat' dir='ltr'>adnectuntur.</span> 
     </span>
    </p>
   </div>
   <div class='ocr_carea' id='block_1_6' title="bbox 3521 1878 3530 2883">
    <p class='ocr_par' dir='ltr' id='par_1_11' title="bbox 3521 1878 3530 2883">
     <span class='ocr_line' id='line_1_44' title="bbox 3521 1878 3530 2883; baseline 0 0"><span class='ocrx_word' id='word_1_366' title='bbox 3521 1878 3530 2883; x_wconf 95' lang='lat' dir='ltr'> </span> 
     </span>
    </p>
   </div>
  </div>
 </body>
</html>
