3567 5109
1696 279 2181 340 -154—

570 487 899 572 raptarier
942 489 1294 572 scripserit,
1344 488 1443 554 vel
1492 491 1747 574 Minyae
1792 491 1938 573 (pro
1987 489 2183 573 bigis)
2231 512 2272 555 a
2319 491 2536 573 prisca
2581 491 2927 574 tragoedia.
2963 493 3074 555 vix
3111 491 3312 556 abiu-

572 593 897 659 dicandae
944 600 1115 660 sunt.
1208 595 1423 661 lactea
1466 596 1806 679 epitheton
1854 617 2101 663 ornans
2146 595 2450 662 Aurorae
2499 605 2600 663 est
2641 604 2712 662 et
2758 598 2941 683 apud
2986 597 3308 664 Ovidium

570 707 639 766 et
686 699 866 785 apud
911 701 1277 786 Vergilium
1334 703 1537 782 (velut
1581 702 1749 770 Aen.
1788 703 1930 770 VII
1968 707 2054 769 26
2099 706 2366 770 Aurora
2421 706 2500 770 in
2543 706 2744 770 roseis
2788 706 3080 790 fulyebat
3125 707 3306 770 lutea

569 807 775 892 biyzzs).
864 807 1017 874 Hoc
1074 829 1337 892 quoque
1393 808 1837 892 fragmentum
1893 810 2251 894 genuinum
2307 832 2450 876 esse
2497 811 2838 894 probabile
2886 817 3014 892 est;
3071 819 3302 877 utrum

568 933 719 978 vero
767 920 942 980 recte
980 915 1255 980 Pacuvii
1298 937 1539 981 nomen
1584 917 1655 982 in
1701 915 1924 982 fronte
1970 924 2159 1000 gerat
2202 919 2391 1002 isque
2429 917 2728 983 fabulam
2775 917 3081 1002 Thyestis
3119 939 3298 983 com·

566 1021 862 1104 posuerit
908 1043 994 1087 an
1040 1021 1113 1086 id
1138 1022 1451 1088 Enniano
1480 1023 1747 1107 Thyesti
1797 1023 2220 1089 inserendum
2257 1025 2344 1090 sit
2379 1045 2467 1089 an
2504 1025 2575 1090 in
2611 1024 2805 1091 titulo
2843 1045 3029 1090 error
3065 1024 3294 1103 lateat,

566 1126 713 1192 aliis
762 1128 1072 1194 subsidiis
1119 1131 1415 1196 destituti
1461 1130 1828 1215 disceptare
1873 1153 2008 1197 non
2056 1151 2418 1215 possumus.

781 1271 1068 1355 Tempus
1107 1279 1207 1338 est
1236 1273 1585 1357 Fulgentio
1622 1274 1855 1340 relicto
1885 1274 1973 1339 ad
2001 1274 2283 1340 Accium
2312 1295 2682 1358 properare.
2723 1272 3078 1340 Solitarius
3104 1274 3292 1339 locus

563 1382 668 1441 est
710 1399 765 1444 V.
807 1381 995 1462 34s5:

914 1521 1173 1587 Pectore
1217 1524 1596 1589 incohatum
1638 1525 1896 1609 fulmen
1939 1525 2282 1609 flammam
2328 1524 2687 1590 ostentabat
2729 1523 2925 1590 Iovis.

562 1677 881 1759 Ribbeck,
933 1703 1083 1746 cum
1127 1684 1199 1747 in
1245 1682 1491 1749 Ooroll.
1536 1706 1601 1767 p.
1636 1683 1695 1749 L
1741 1685 1908 1750 haec
1955 1685 2258 1750 adnotat:
2340 1685 2585 1764 „Nolui
2633 1706 2967 1750 sacrorum
3014 1685 3284 1750 verbum

564 1787 1001 1852 ‘incohatum’
1041 1789 1329 1857 turbare.
1375 1790 1553 1856 Nam
1590 1797 1664 1855 ut
1688 1790 1962 1856 Aeneas
1999 1790 2178 1874 apud
2206 1791 2404 1876 Verg.
2433 1790 2608 1856 Aen.
2637 1791 2744 1860 VI
2771 1793 2899 1856 252
2927 1799 3286 1857 nocturnas

558 1892 825 1958 incohat
874 1917 1044 1978 aras,
1101 1895 1163 1962 h.
1210 1917 1262 1962 e.
1310 1899 1588 1962 exstruit
1641 1903 1841 1982 atque
1887 1898 2200 1978 incendit,
2263 1899 2355 1962 sic
2410 1897 2665 1963 fulmen
2712 1898 2900 1982 quasi
2944 1897 3170 1962 focum
3215 1899 3285 1962 in

561 2005 828 2081 pectore
865 2002 1245 2084 impositum
1289 2001 1619 2068 flammam
1664 2005 1954 2070 excitare
2001 2005 2483 2088 excitatamque
2525 2004 2866 2070 ostendere
2903 2004 3283 2087 intellego“‚

560 2105 831 2170 nimium
878 2110 1137 2190 pondus
1182 2110 1327 2176 loco
1366 2110 1750 2195 Vergiliano
1791 2112 2142 2195 adsignare
2181 2111 2339 2176 mihi
2378 2112 2650 2177 videtur.
2697 2111 2806 2176 Ita
2840 2111 3282 2194 interpretan-

560 2211 720 2276 dum
764 2233 907 2278 esse
953 2234 1149 2300 nego;
1193 2239 1346 2282 nam
1391 2219 1759 2284 narrationi
1805 2220 2022 2285 nuntii
2059 2219 2399 2284 cuiusdam
2437 2225 2574 2285 tam
2612 2219 2865 2285 tumida
2903 2218 3106 2284 dictio
3145 2241 3284 2285 non

558 2319 958 2402 conveniret,
1024 2323 1222 2388 immo
1286 2327 1589 2390 incohare
1644 2347 2077 2410 synonymum
2130 2325 2450 2409 infigendi
2507 2325 2664 2391 olim
2716 2323 2918 2390 fuisse
2964 2326 3282 2408 suspicor.

560 2421 777 2507 Quam
824 2426 912 2492 ad
956 2430 1295 2495 notionem
1341 2431 1640 2497 ducimur
1686 2433 1820 2498 sive
1868 2434 2006 2498 eius
2055 2434 2395 2517 originem,
2451 2439 2527 2498 ut
2573 2432 3043 2516 Thumeysen¹
3098 2432 3278 2512 fecit,

555 2552 598 2595 a
643 2534 815 2612 coho,
862 2535 905 2599 i.
952 2557 1004 2602 e.
1049 2535 1378 2603 foramine
1424 2539 1495 2603 in
1542 2539 1758 2604 medio
1807 2541 1982 2622 iugc,
2031 2541 2102 2604 in
2152 2539 2332 2624 quod
2375 2547 2549 2605 temo
2596 2540 2907 2604 inserit-ur
2951 2539 3055 2620 (cf.
3105 2539 3275 2606 Var-

554 2659 785 2704 ronem
824 2640 907 2706 de
943 2641 983 2706 l.
1020 2642 1095 2709 L.
1134 2643 1199 2712 V
1242 2647 1388 2725 135,
1447 2645 1730 2711 Paulum
1776 2667 1858 2710 ex
1902 2647 2078 2714 Fest.
2128 2650 2212 2712 39
2243 2647 2352 2726 M.,
2399 2649 2484 2714 28
2515 2646 2686 2728 Th),
2734 2647 3094 2730 repetimus
3141 2647 3278 2712 sive

555 2766 705 2810 cum
760 2747 1043 2814 Planta*
1098 2725 1185 2816 ad
1242 2751 1487 2818 Oscum
1542 2754 1755 2818 kahad
1806 2755 1900 2835 (in
1955 2753 2148 2819 titulo
2208 2753 2380 2820 Osco
2439 2753 2619 2836 apud
2674 2753 2954 2818 eundem
2999 2752 3078 2816 II
3126 2755 3274 2832 128,

555 2856 616 2933 6,
663 2856 723 2934 6,
770 2858 855 2938 8),
905 2856 1087 2940 quod
1131 2859 1350 2944 capiat
1391 2859 1583 2940 valet,
1630 2859 1968 2925 trahimus.
2042 2860 2156 2925 Ad
2200 2859 2511 2926 Plantam
2567 2861 2622 2924 si
2675 2881 2798 2924 nos
2843 2858 3273 2943 applicamus,

550 2961 855 3027 ‘incohare
901 2964 1135 3030 eodem
1170 2964 1367 3030 modo
1407 2967 1494 3031 ad
1530 2965 1741 3031 solam
1768 2966 2314 3049 significationem
2342 2965 2642 3031 ordiendi
2671 2972 2906 3049 postea
2932 2965 3273 3032 redactum

550 3073 655 3132 est
700 3076 899 3152 atque
944 3072 1228 3157 incipere
1273 3079 1340 3137 et
1384 3072 1632 3139 Accius
1678 3073 1848 3154 loco,
1916 3073 1997 3138 de
2045 3095 2174 3158 quo
2223 3075 2458 3158 agitur,
2527 3073 2947 3138 vetustiorem
2995 3094 3270 3158 eamque

551 3174 853 3241 latiorem
892 3181 1008 3258 (=
1037 3185 1301 3262 pectore
1340 3185 1757 3264 conceptum)
1797 3180 2141 3246 retinuisse
2181 3180 2512 3264 putandus
2551 3187 2676 3262 est3
2727 3179 3270 3264 Thumeysenum

550 3282 608 3345 si
654 3286 1009 3366 sequimur,
1052 3285 1122 3351 id
1161 3287 1339 3370 quod
1376 3287 1679 3372 equidem
1713 3285 2036 3372 praefero,
2083 3287 2358 3353 eandem
2392 3287 2894 3352 translationem
2931 3286 3266 3365 habemuS,

550 3408 692 3470 qua
736 3389 1093 3473 Euripides
1149 3393 1370 3474 (Herc.
1428 3394 1547 3461 fur.
1588 3397 1619 3459 1
1634 3397 1741 3476 79)
1799 3394 1989 3460 dixit:
2063 3394 2284 3477 Γίγασι
2335 3397 2627 3478 πλευροῖς
2679 3397 2859 3479 πτήν’
2911 3396 3270 3478 ἐναρμόσας

547 3497 699 3580 βέλη
765 3494 868 3560 vel
931 3497 1297 3579 (PhoeniSS.
1348 3499 1620 3586 1412s3)
1675 3504 1753 3566 δι’
1815 3503 2113 3586 ὀμφαλοῦ
2161 3501 2173 3587 Ι
2221 3503 2510 3584 καθῆκεν
2555 3505 2740 3585 ἔγχος
2785 3503 3168 3586 σφονδύλοις
3211 3504 3262 3564 τ’

547 3603 912 3688 ἐνήρμοσεν.
1897 3609 1902 3614 ’

763 3710 1077 3776 Dedicare
1122 3713 1191 3776 in
1236 3710 1305 3778 A
1329 3714 1411 3779 78
1457 3716 1550 3779 At
1591 3736 1827 3797 vereor,
1873 3736 2026 3780 cum
2073 3721 2130 3778 te
2165 3737 2295 3780 esse
2331 3715 2726 3780 Alcimeonis
2760 3714 3039 3798 fra-trem
3073 3715 3265 3800 facte&

544 3815 799 3882 dedicat
850 3817 1179 3900 significat
1222 3819 1643 3901 ‘declarare‘,
1699 3819 1879 3886 velut
1923 3821 2104 3903 apud
2152 3821 2345 3886 Lucr.
2392 3820 2430 3884 I
2478 3822 2606 3885 422
2653 3841 2886 3905 corpus
2929 3821 3109 3886 eni-m
3145 3843 3267 3906 per

544 3944 612 3987 sc
656 3927 1023 3990 communis
1059 3928 1309 3992 dedicat
1350 3949 1482 3992 esse
1530 3929 1540 4012 1
1588 3950 1820 3994 sensus
1865 3925 1981 4014 (cf.
2022 3927 2182 4015 367)
2227 3934 2295 3992 et
2338 3926 2451 3991 111
2498 3929 2624 3992 208
2673 3927 2826 3991 haec
2869 3947 3120 4011 quoquc
3163 3949 3266 3992 res

545 4031 743 4095 etiam
786 4039 1104 4098 naturam
1146 4033 1396 4099 dedicat
1437 4036 1612 4115 (ἡαπ
1671 4039 2018 4118 praeterea
2063 4034 2243 4116 apud
2286 4034 2540 4103 Vitruv,
2587 4031 2624 4096 I
2672 4035 2730 4111 7,
2779 4035 2834 4099 1.

758 4138 1049 4204 Mactare
1095 4139 1477 4206 sollemnem
1524 4141 1860 4206 notionem
1907 4139 2275 4206 honorandi
2321 4140 2522 4206 habet
2565 4138 2739 4222 Afg.
2765 4142 2848 4203 10
2877 4137 2989 4204 B.:
3028 4147 3264 4224 patera

540 4243 879 4309 Nestorem
940 4248 1253 4311 mactam't
1310 4269 1531 4325 aurea,
1598 4246 1986 4312 immolandi
2048 4247 2106 4311 P
2127 4249 2284 4312 289:
2349 4247 2688 4330 coniuyem
2739 4252 2948 4311 macto
2999 4247 3260 4331 infer-225.

544 4347 951 4432 Simpliciter
996 4352 1317 4432 ‘caedere,
1364 4355 1630 4419 necare’
1679 4353 1854 4419 valet
1897 4352 2100 4420 A52:
2158 4354 2344 4430 Quod
2383 4354 2648 4418 utinam
2690 4374 2794 4417 me
2835 4354 2980 4418 suis
3024 4354 3255 4437 arqui-

543 4455 823 4544 tene(n)s
870 4459 1011 4522 telis
1054 4466 1397 4525 ‘mactasset
1438 4462 1554 4525 dea
1567 4465 1619 4544 J,
1678 4461 1850 4526 unde
1906 4482 2040 4526 non
2082 4461 2178 4525 ita
2223 4458 2417 4542 longe
2465 4458 2671 4524 distat
2713 4457 2783 4524 A
2805 4462 2933 4525 126
2979 4460 3100 4545 qui
3141 4466 3264 4524 aut

757 4687 779 4726 ²
813 4687 1037 4742 ‘Kuhns
1074 4687 1365 4742 zeitschr!
1400 4687 1667 4742 XXVIII
1702 4690 1823 4744 156.

756 4774 779 4810 ²
812 4775 1195 4830 ‘Grammatik
1233 4777 1333 4830 der
1369 4777 1972 4832 oskisch-umbrischen
2009 4776 2294 4832 Dialekte’
2332 4776 2364 4831 Ι
2399 4777 2582 4848 28314.

3497 58 3522 406 1

3520 405 3526 608 ι
