3567 5109
586 1349 737 1455 De
783 1387 1034 1451 studiis
1079 1387 1540 1450 Iuvenalianis
1575 1387 1899 1449 Ottonem
1948 1385 2406 1448 Ribbeckium
2438 1384 2619 1450 libro
2669 1405 2799 1450 suo
2818 1387 2866 1465 ¹)
2916 1386 3092 1452 bene

380 1497 705 1560 meritum
769 1509 924 1556 esse
970 1492 1140 1553 mihi
1188 1491 1466 1572 quidem
1513 1493 1843 1572 persuasi,
1890 1511 2028 1554 non
2072 1510 2211 1572 quo
2246 1493 2417 1554 duas
2450 1493 2828 1554 carminum
2860 1498 3095 1572 partes

381 1603 562 1664 inter
626 1617 699 1662 se
766 1598 1100 1671 diversae,
1165 1613 1373 1659 unam
1437 1596 1521 1660 ab
1587 1596 1913 1659 Iuvenale
1978 1598 2153 1675 ipsc,
2218 1596 2505 1659 alteram
2550 1615 2589 1660 a
2636 1597 3094 1661 declamatore

381 1705 686 1786 quodam
748 1702 1138 1782 profectam
1203 1701 1603 1764 statuendas
1672 1717 1823 1764 esse
1888 1706 2221 1780 putarem,
2285 1701 2354 1762 id
2422 1702 2613 1781 quod
2678 1701 3094 1766 Ribbeckius

381 1807 777 1890 legentibus
840 1807 1139 1886 probare
1203 1806 1442 1882 voluit,
1504 1805 1626 1868 sed
1692 1807 1852 1886 quia
1914 1806 2023 1882 iis„
2081 1824 2256 1886 quae
2321 1806 2429 1869 vir
2477 1806 2596 1868 ille
2646 1807 3097 1870 doctissimus

383 1921 580 1978 acute
661 1913 1140 1992 sagaciterque
1224 1912 1504 1987 detexit,
1576 1910 1807 1973 studia
1870 1910 2313 1973 Iuvenaliana
2362 1911 2694 1974 videntur
2743 1919 3093 1991 tamquam

385 2026 626 2082 renata
691 2035 862 2080 esse.
931 2017 1106 2079 Nam
1154 2033 1241 2078 ex
1286 2034 1369 2079 eo
1417 2017 1571 2096 ipso
1617 2021 1937 2096 tempore
1970 2033 2191 2095 usque
2224 2016 2311 2078 ad
2350 2016 2527 2078 hanc
2560 2021 2855 2079 aetatem
2890 2034 3093 2096 quae-

385 2107 648 2186 stiones
725 2123 812 2185 de
887 2127 1082 2183 textu
1161 2121 1672 2197 constituendO,
1738 2121 1825 2182 de
1889 2121 2033 2182 vita
2098 2120 2507 2196 enarranda,
2573 2120 2660 2183 de
2735 2121 3097 2202 disciplina

387 2245 523 2308 qua
567 2245 738 2290 usus
787 2232 891 2288 est
936 2232 1160 2306 poeta,
1211 2225 1692 2305 cognoscenda
1741 2225 1966 2304 magis
2012 2227 2372 2306 magisque
2419 2231 2757 2290 tractatae
2802 2233 2981 2290 sunt.

592 2332 816 2411 Atque
863 2329 1169 2392 codicem
1212 2329 1901 2409 Montepessulanum
1968 2329 2148 2409 siglo
2197 2327 2263 2388 P
2299 2330 2645 2408 signatum
2692 2331 3095 2394 fundamen-

383 2444 531 2498 tum
595 2436 682 2498 ad
746 2440 1010 2497 textum
1075 2434 1584 2496 restituendum
1649 2451 1801 2496 esse
1865 2451 2051 2496 nunc
2096 2433 2268 2496 satis
2314 2434 2498 2497 inter
2540 2435 2729 2497 viros
2776 2435 3091 2512 doctos2)

387 2545 694 2616 constat;
743 2539 978 2618 itaque
1023 2539 1402 2601 Buecheler
1451 2538 1741 2601 editioni
1787 2536 2189 2617 Iuvenalis³)
2248 2554 2375 2601 suo
2432 2541 2583 2601 iure
2648 2541 3096 2618 praemittere

387 2645 648 2726 potuit:
729 2639 976 2703 dubites
1042 2640 1186 2704 licet
1229 2639 1304 2703 de
1350 2638 1610 2720 duobus,
1675 2660 1837 2727 quoa
1908 2643 2055 2716 „P”
2116 2641 2324 2702 omisit
2388 2644 2781 2722 (versibus),
2844 2641 3099 2705 nullum

387 2747 590 2809 nostri
629 2743 1014 2828 exemplaris
1074 2766 1325 2808 versum
1367 2743 1612 2808 idoneis
1675 2746 2071 2828 armamentis
2117 2743 2619 2808 demonstratum
2663 2754 2753 2808 est
2798 2767 2925 2808 non
2972 2769 3097 2810 esse

375 2849 644 2939 factum
689 2849 765 2912 ab
811 2848 1134 2917 Iuvenale.
2498 2917 2503 2922 ,

598 2957 840 3039 Neque
870 2975 1118 3021 versus
1149 2959 1222 3020 in
1256 2957 1496 3022 codice
1527 2957 1904 3020 Bodleiano
1936 2959 2339 3038 nuperrime
2372 2959 2689 3036 reperti⁴)
2724 2964 2909 3020 tanta
2938 2965 3100 3020 sunt

393 3063 822 3141 auctoritate,
866 3069 942 3125 ut
1003 3063 1435 3140 haereamus,
1500 3081 1665 3125 num
1729 3061 2041 3125 codicem
2090 3060 2155 3122 P
2192 3070 2467 3142 praeter
2536 3069 2801 3126 ceteros
2859 3079 3098 3141 sequa-

392 3187 579 3245 mur;
631 3187 787 3231 nam
821 3167 977 3230 illos
1007 3187 1147 3230 non
1181 3167 1522 3247 genuinos
1556 3173 1623 3229 et
1653 3173 1901 3246 poetae
1949 3167 2222 3229 cuidam
2258 3168 2514 3229 saeculi
2543 3167 2655 3229 IV.
2689 3166 3099 3229 tribuendos

391 3290 544 3334 esse
589 3273 735 3334 veri
783 3272 1206 3334 simillimum
1255 3272 1443 3350 est.⁵)

601 3375 740 3440 Sed
786 3376 873 3438 de
903 3376 1047 3438 vita
1080 3376 1434 3438 Iuvenalis
1472 3376 1677 3438 hodie
1726 3393 2002 3456 quoque
2050 3376 2218 3438 nihil
2267 3377 2438 3438 certi
2487 3376 2622 3438 dici
2652 3382 2911 3455 potest;
2963 3393 3101 3455 quo

394 3481 578 3544 enim
625 3499 806 3543 anno
855 3486 1079 3556 natue,
1145 3499 1282 3560 quo
1328 3488 1650 3542 mortuus
1697 3483 1801 3556 sit,
1850 3482 2003 3560 quis
2049 3480 2431 3560 imperator
2477 3483 2656 3543 hunc
2703 3488 2997 3560 poetam,
3044 3483 3101 3542 si

397 3603 555 3649 eum
593 3586 802 3648 exilio
849 3584 1213 3647 multatum
1263 3601 1416 3648 esse
1463 3585 1732 3661 credaS,
1796 3585 2232 3663 relegaverit,
2273 3603 2409 3664 quo
2442 3591 2758 3664 tempore
2791 3586 3103 3665 singulae

397 3697 678 3754 saturae
721 3689 865 3752 sive
918 3689 1235 3752 conditae
1291 3691 1434 3752 sive
1489 3692 1557 3751 in
1614 3689 1841 3751 lucem
1900 3691 2188 3750 emissae
2235 3689 2390 3763 sint,
2437 3691 2561 3750 has
2609 3707 2849 3752 omnes
2897 3709 3102 3769 quae-

403 3795 668 3856 stiones
733 3795 911 3856 inter
953 3793 1406 3856 difficillimas
1471 3800 1537 3856 et
1600 3796 1898 3856 maxime
1961 3794 2290 3856 obscuras
2338 3793 2667 3856 historiae
2712 3793 3105 3886 litterarum

395 3899 803 3961 Latinarum
851 3897 1315 3960 numerandas
1381 3915 1533 3961 esse
1599 3897 1918 3977 quisquis
1965 3901 2519 3976 pertractaverit,
2582 3898 2929 3960 concedet.
2995 3898 3101 3961 Ita

750 4037 800 4044 -—-

611 4107 646 4170 ¹)
686 4107 798 4158 Der
835 4108 996 4158 echte
1031 4107 1150 4156 und
1189 4106 1291 4155 der
1327 4108 1568 4156 unechte
1604 4107 1866 4157 Juvenal.
1908 4107 2103 4156 Berlin
2151 4109 2296 4156 1865.

608 4195 649 4256 ²)
689 4195 848 4245 Cont.
897 4193 1200 4244 editionem
1245 4192 1316 4244 D.
1365 4191 1506 4242 Iunii
1540 4191 1809 4242 Iuvenalis
1853 4199 2149 4242 naturarum
2196 4193 2317 4242 ubre·
2364 4193 2411 4242 V
2443 4194 2543 4244 mit
2578 4191 2952 4244 erklfirenden
2993 4193 3101 4242 An-

399 4281 749 4345 merkungen
787 4295 900 4332 von
939 4279 1000 4328 L.
1037 4278 1434 4332 Friedlaender.
1474 4280 1698 4343 Leipzig
1738 4283 1888 4332 1895.
1930 4281 1975 4332 1.
2013 4294 2067 4344 p.
2110 4283 2209 4332 113
2247 4287 2301 4331 et
2336 4294 2459 4345 sqq.

603 4368 646 4429 ³)
684 4367 746 4418 A.
785 4367 952 4417 Persii
994 4366 1186 4427 Flacci,
1237 4367 1305 4417 D.
1343 4365 1486 4416 Iunii
1528 4365 1813 4431 Iuvenalis,
1854 4365 2117 4430 Sulpiciae
2155 4365 2396 4430 Saluo-ae,
2433 4368 2731 4432 recognovit
2791 4367 2907 4417 Ouo
2944 4367 3105 4418 Jahn.

395 4455 585 4505 Editio
627 4456 752 4520 111„
789 4469 985 4506 curam
1023 4455 1137 4518 egit
1177 4453 1266 4506 Fr.
1305 4453 1606 4504 Buecheler.
1649 4455 1842 4506 Berlin
1884 4458 2033 4518 1893,
2076 4471 2131 4519 p.
2170 4456 2313 4507 XIV.

605 4541 646 4605 ⁴)
690 4541 946 4593 Classical
977 4541 1185 4592 Rem'ew
1223 4544 1376 4606 1899,
1415 4556 1466 4605 p.
1506 4545 1604 4595 201
1647 4549 1701 4592 et
1736 4546 1855 4596 206.

605 4632 646 4692 ⁵)
685 4632 754 4681 ct.
797 4630 1126 4694 Buecheler,
1166 4630 1306 4680 Mna.
1347 4631 1525 4680 Rhen.
1587 4633 1736 4690 1899,
1776 4645 1831 4694 p.
1870 4633 1972 4682 406
2030 4635 2083 4680 et
2126 4643 2275 4693 sqq.;
2318 4643 2495 4692 quare
2531 4633 2633 4680 hos
2670 4641 2867 4681 versus
2902 4629 2962 4679 in
3000 4629 3107 4679 hac

397 4719 774 4782 disputatione
826 4718 1083 4781 neglexi;
1139 4719 1236 4768 alii
1295 4719 1459 4769 aliter
1505 4719 1576 4768 de
1630 4718 1709 4767 eis
1763 4718 2166 4768 iudicaverunt
2212 4720 2287 4778 (v.
2328 4719 2383 4768 P.
2423 4718 2777 4776 Winterfeld.
2816 4715 2961 4768 (ἔδει.
3000 4717 3109 4778 gel.

401 4807 532 4856 Anz.
576 4807 727 4868 1899,
765 4820 817 4869 p.
857 4807 1000 4866 896).

483 4904 831 4943 Distu-tationes
855 4904 961 4948 phil.
985 4903 1170 4943 Vindob.
1196 4905 1305 4950 vn..
1327 4907 1358 4942 3.
2836 4895 2894 4940 11
