3567 5109
1452 300 1894 365 ,61-

308 520 449 581 tum
496 534 725 579 omnes
772 534 997 577 eorum
1036 514 1318 579 maiores
1357 512 1439 577 ab
1478 514 1623 596 ipso
1664 512 1824 579 Iove
1861 534 2049 597 reges
2086 513 2372 593 fuerunt,
2413 514 2700 598 denique
2739 537 2780 579 a
2816 517 3037 599 pueris

310 642 507 705 quam
546 621 789 703 optime
829 621 1215 684 educantur.
1257 620 1557 698 Accedit,
1600 620 1777 702 quod
1814 619 2016 703 longa
2052 620 2168 685 illa
2199 622 2409 685 oratio
2441 622 2527 685 ad
2554 620 3036 707 Xenophontis

308 728 633 796 rationem
678 732 1060 811 comparata
1106 732 1234 793 est:
1283 728 1547 810 utrique
1594 728 1769 793 enim
1818 728 2124 811 scriptori
2162 728 2346 793 cordi
2391 734 2514 806 est,
2562 735 2640 794 ut
2683 731 2905 794 omnia
2951 730 3038 794 ad

308 857 649 914 summam,
698 856 897 917 quam
942 834 1139 899 homo
1188 834 1313 899 sibi
1360 833 1607 917 fingere
1656 841 1902 917 potest,
1950 835 2306 919 imaginem
2353 836 2734 919 depingant.
2797 836 3031 903 Xeno-

308 943 577 1027 phontis
632 948 851 1007 autem
906 941 1113 1007 libros
1170 943 1554 1025 scriptorem
1612 940 1988 1007 Alcibiadis
2055 942 2472 1020 lectitavisse‚
2533 943 2678 1025 quis
2736 950 2856 1023 est,
2923 944 3036 1028 qui

310 1047 643 1133 ambigat?
680 1070 1097 1131 quamquam,
1138 1055 1215 1113 ut
1251 1070 1451 1131 supra
1491 1048 1795 1127 diximus,
1834 1047 1999 1113 nihil
2039 1048 2264 1113 hausit
2300 1070 2380 1113 ex
2415 1046 2532 1113 illa
2559 1048 3034 1131 Xenophontis

308 1157 709 1234 narratione,
766 1155 1099 1237 quomodo
1154 1155 1510 1219 Persarum
1568 1176 1757 1239 reges
1813 1153 2271 1221 educarentur.
2365 1155 2604 1237 Itaque
2650 1154 2844 1221 facile
2891 1156 3032 1221 fieri

308 1264 601 1347 potuisse
646 1268 973 1345 putamus,
1024 1268 1099 1326 ut
1140 1261 1295 1327 illas
1344 1282 1577 1327 causas
1624 1262 1694 1327 in
1743 1261 1986 1328 librum
2032 1283 2223 1327 suum
2269 1261 2680 1327 transferret.

520 1369 654 1437 His
721 1368 987 1453 quidem
1052 1368 1219 1433 locis
1286 1374 1623 1433 auctorem
1681 1367 2054 1434 Alcibiadis
2118 1370 2440 1433 sermonis
2506 1368 2632 1433 sibi
2697 1370 3034 1435 conscium

307 1478 509 1543 fuisse
554 1483 865 1560 putamus
912 1496 981 1541 se
1028 1476 1333 1541 Platonis
1391 1475 1492 1540 vel
1539 1474 2014 1557 Xenophontis
2079 1475 2265 1541 libris
2330 1476 2450 1555 uti,
2516 1477 2800 1559 primum
2855 1476 3034 1559 quod

306 1585 691 1669 plerumque
738 1582 969 1649 eadem
1006 1582 1205 1647 verba
1240 1584 1601 1665 usurpavit,
1640 1588 1779 1646 tum
1822 1582 2002 1665 quod
2039 1582 2266 1647 crebro
2303 1587 2517 1647 totum
2557 1583 3034 1647 sententiarum

310 1714 629 1759 conexum
672 1692 743 1755 in
791 1689 1087 1755 libellum
1136 1711 1327 1753 suum
1373 1688 1733 1768 transtulit,
1793 1688 2078 1772 denique
2133 1690 2312 1771 quod
2357 1688 2455 1754 illi
2501 1689 2630 1753 loci
2677 1690 3030 1754 maximam

306 1806 561 1883 partem
610 1800 741 1863 rari
790 1818 867 1861 ac
915 1796 1284 1879 singulares
1332 1801 1507 1861 sunt.

518 1904 715 1969 Nunc
754 1904 1091 1969 veniamus
1132 1903 1219 1968 ad
1256 1924 1370 1967 eos
1406 1903 1607 1981 locos,
1659 1924 1846 1984 quos,
1896 1924 2042 1967 cum
2091 1901 2270 1985 apud
2306 1903 2658 1967 Platonem
2697 1908 2764 1966 et
2798 1902 3031 1967 Xeno·-

308 2014 619 2096 phontem
659 2012 921 2093 saepius
962 2016 1329 2089 occurrant,
1363 2010 1593 2075 crebra
1626 2008 1911 2075 lectione
1949 2010 2348 2075 imitatorem
2387 2011 2699 2074 memoria
2739 2011 3029 2075 tenuisse

306 2128 503 2203 atque
554 2119 839 2185 inscium
894 2118 1243 2182 occasione
1299 2117 1459 2182 data
1512 2116 1681 2181 libro
1740 2137 1861 2180 suo
1915 2117 2271 2181 inseruisse
2329 2123 2656 2199 putamus.
2753 2115 2902 2200 Qua
2959 2116 3030 2180 in

305 2250 375 2293 re
420 2225 773 2293 tractanda
816 2245 951 2289 non
996 2224 1069 2291 id
1116 2226 1387 2307 egimus,
1436 2228 1511 2287 ut
1566 2244 1796 2287 omnes
1850 2222 2054 2303 locos,
2115 2222 2354 2306 quibus
2409 2222 2640 2287 eadem
2699 2224 3030 2289 sententia

303 2335 607 2412 occurrit,
657 2331 1146 2413 colligeremus;
1215 2331 1333 2396 sed
1398 2331 1858 2413 gravissimum
1921 2329 2114 2393 nobis
2170 2329 2296 2395 fuit
2352 2328 2609 2394 efficere
2667 2330 2737 2394 in
2795 2329 3030 2394 horum

300 2442 593 2507 locorum
642 2438 1059 2503 multitudine
1107 2438 1241 2503 dici
1288 2458 1425 2503 non
1472 2458 1689 2520 posse,
1748 2459 1829 2503 ex
1885 2458 2012 2519 quo
2061 2436 2209 2501 loco
2261 2443 2476 2501 certus
2525 2435 2794 2518 quidam
2843 2437 3028 2502 Alci-

298 2548 513 2615 biadis
558 2547 745 2611 locus
791 2546 1219 2628 depromptus
1266 2551 1459 2623 esset,
1510 2545 1899 2627 praesertim
1947 2566 2096 2607 cum
2143 2565 2258 2609 eae
2307 2546 2674 2609 sententiae
2725 2544 3027 2609 omnibus

302 2655 659 2721 Socraticis
715 2660 781 2717 et
826 2652 1265 2730 Academicis,
1312 2654 1383 2716 in
1431 2671 1709 2733 quorum
1756 2672 2028 2715 numero
2078 2652 2278 2715 etiam
2328 2653 2607 2733 scriptor
2655 2650 3027 2716 Alcibiadis

298 2762 645 2829 habendus
694 2766 813 2839 est,
864 2781 1243 2825 communes
1290 2764 1531 2825 essent.

512 2870 773 2933 Bonum
820 2868 1039 2931 ‘etiam
1104 2866 1449 2949 pulchrum
1517 2872 1645 2930 est:
1710 2865 1781 2930 in
1841 2864 1990 2929 Alc.
2052 2864 2286 2931 1160:
2359 2865 2598 2929 Ταῦτὸν
2643 2868 2770 2947 ἄρα
2819 2867 3022 2948 ἐφάνη

301 2981 450 3061 ἡμῖν
494 2978 681 3041 πάλιν
726 2974 808 3038 αὖ
855 2975 1053 3039 καλόν
1095 2999 1159 3039 τε
1204 2976 1311 3038 καὶ
1358 2974 1623 3055 ἀγαθόν.
1672 2972 1847 3037 Plat.
1878 2970 2150 3036 Conviv.
2180 2974 2306 3036 201
2331 2970 2416 3035 C:
2466 2972 2556 3035 Εἰ
2587 2974 2714 3053 ἄρα
2752 2971 3026 3054 ὁἜρως

297 3092 425 3149 τῶν
478 3086 697 3149 καλῶν
754 3084 969 3164 ἐνδεής
1022 3084 1161 3154 ἐστι,
1218 3081 1289 3145 τὰ
1348 3081 1418 3145 δὲ
1474 3081 1689 3162 ἀγαθὰ
1744 3080 1926 3153 καλά,
1985 3082 2106 3142 κᾶν
2160 3085 2288 3143 τῶν
2335 3080 2606 3160 ἀγαθῶν
2651 3080 2866 3161 ἐνδεής
2911 3082 3029 3161 εἴη.

301 3190 469 3257 Tim.
502 3188 685 3255 870:
734 3196 861 3253 πᾶν
899 3190 977 3271 δὴ
1024 3190 1097 3251 τὸ
1142 3188 1393 3269 ἀγαθὸν
1438 3188 1651 3251 καλόν.
1710 3184 1892 3250 880:
1943 3236 1956 3248 .
1998 3237 2009 3247 .
2052 3236 2064 3250 .
2103 3188 2160 3249 εἰ
2198 3186 2404 3267 μέλλει
2452 3186 2712 3257 δικαίως
2757 3210 2842 3255 τις
2889 3188 3023 3268 ἅμα

294 3300 415 3380 μὲν
458 3299 669 3369 καλός,
716 3298 851 3378 ἅμα
898 3296 967 3359 δὲ
1013 3296 1261 3376 ἀγαθὸς
1306 3294 1531 3376 ὀρθῶς
1577 3294 2012 3376 κεκλήσεσθαι.

509 3404 877 3468 Pessimum
945 3405 1046 3465 est
1108 3405 1175 3463 et
1240 3398 1689 3464 foedissimum
1746 3406 1980 3481 putare
2039 3420 2109 3462 se
2167 3397 2418 3479 aliquid
2473 3398 2659 3477 scire,
2720 3398 2898 3481 quod
2953 3419 3022 3461 re

298 3534 451 3577 vera
494 3512 781 3575 nescias:
830 3508 979 3573 Alc.
1014 3509 1247 3573 117D:
1304 3509 1480 3573 Σω..·
1520 3508 1790 3578 Ἐννοεῖς
1831 3506 1964 3579 οὖν,
2001 3509 2094 3570 ὅτι
2131 3507 2238 3569 καὶ
2274 3507 2346 3571 τὰ
2386 3508 2803 3589 ἁμαρτήματα
2842 3508 2908 3569 ἐν
2945 3514 3018 3588 τῇ

293 3621 515 3702 πράξει
580 3619 681 3683 διὰ
736 3618 964 3699 ταύτην
1016 3617 1127 3697 τὴν
1181 3618 1439 3697 ἄγνοιάν
1502 3617 1641 3689 ἐστι,
1706 3616 1818 3697 τὴν
1871 3621 1980 3678 τοῦ
2035 3614 2126 3696 μὴ
2183 3614 2390 3677 εἰδότα
2457 3614 2700 3677 οἴεσθαι
2765 3614 2987 3677 εἰδέναι
3003 3639 3021 3685 ,·

296 3774 308 3788 .
352 3776 363 3789 .
405 3776 418 3789 .
454 3726 629 3789 Σω..·
680 3724 929 3805 Ἐπειδὴ
990 3724 1048 3785 δ’
1102 3723 1251 3785 οὔθ’
1304 3724 1364 3786 οἱ
1418 3722 1647 3791 εἰδότες
1702 3722 1851 3785 οὔθ’
1905 3723 1965 3784 οἱ
2018 3727 2146 3785 τῶν
2189 3721 2280 3802 μὴ
2330 3720 2591 3783 εἰδότων
2646 3720 2874 3789 εἰδότες
2929 3722 3022 3783 ὅτι

294 3834 415 3898 οὐκ
462 3836 677 3903 ἴσασιν,
725 3832 763 3913 ἦ
812 3831 983 3894 ἄλλοι
1020 3830 1325 3893 λείπονται
1365 3833 1401 3911 ἢ
1443 3831 1502 3891 οἱ
1535 3830 1626 3911 μὴ
1666 3828 1912 3900 εἰδότες,
1951 3829 2226 3909 οἰόμενοι
2267 3828 2325 3891 δ’
2360 3828 2584 3891 εἰδέναι
2595 3852 2618 3903 ,·
2655 3828 2812 3890 Ἂλ..·
2861 3826 3019 3899 Οὔκ,

292 3940 427 4003 ἀλλ’
461 3937 650 4001 οὗτοι.
698 3938 871 4001 Σω..·
910 3939 1087 4018 Αὕτη
1126 3938 1253 4017 ἄρα
1280 3938 1320 4017 ἡ
1352 3937 1571 4016 ἄγνοια
1610 3941 1738 3999 τῶν
1766 3941 1993 3998 κακῶν
2019 3936 2194 4007 αἰτία,
2228 3936 2263 4015 ἦ
2295 3935 2706 4003 ἐπονείδιστος
2741 3934 3020 4015 ἀμαθία,-

286 4046 444 4109 Ἆλ..·
492 4045 639 4107 Ναί.
688 4040 815 4107 Oui
862 4042 1009 4107 loco
1059 4041 1426 4107 simillimus
1466 4048 1565 4105 est
1602 4041 1786 4105 locus
1835 4040 2007 4103 Plat.
2038 4038 2240 4122 Apol.
2272 4040 2467 4103 2913:
2516 4042 2624 4104 καὶ
2660 4046 2842 4103 τοῦτο
2877 4046 3020 4107 πῶς

293 4153 413 4215 οὐκ
460 4152 706 4233 ἀμαθία
754 4151 913 4213 ἐστὶν
958 4151 1112 4231 αὕτη
1161 4152 1199 4231 ἡ
1249 4150 1676 4221 ἐπονείδιστος,
1737 4151 1772 4230 ἡ
1821 4155 1932 4211 τοῦ
1981 4150 2222 4211 οἴεσθαι
2270 4148 2512 4221 εἰδέναι,
2559 4150 2600 4209 ἃ
2649 4148 2770 4209 οὐκ
2817 4146 3016 4219 οἶδεν,-

290 4257 483 4321 Haec
531 4256 857 4321 sententia
902 4262 1244 4337 praeterea
1290 4255 1647 4319 invenitur:
1708 4255 1775 4317 in
1833 4253 2006 4317 Plat.
2057 4252 2257 4335 Apol.
2309 4253 2510 4317 21D:
2563 4303 2575 4315 .
2618 4303 2629 4315 .
2671 4250 2854 4321 οὗτος
2898 4253 3016 4333 μὲν

291 4366 482 4429 οἴεταί
522 4389 575 4428 τι
620 4365 845 4429 εἰδέναι
892 4365 1011 4429 οὐκ
1050 4364 1253 4435 εἰδώς,
1302 4364 1431 4443 ἐγὼ
1472 4364 1559 4434 δέ,
1599 4364 1818 4441 ὥσπερ
1855 4361 1972 4425 οὖν
2008 4363 2129 4423 οὐκ
2167 4362 2328 4433 οἴδα,
2367 4361 2517 4423 οὐδὲ
2555 4362 2792 4441 οἴομαι·
2841 4360 3016 4421 ἔοικα

292 4478 448 4552 γοῦν
492 4472 713 4534 τούτου
764 4494 830 4551 γε
876 4476 1128 4551 σμικρῷ
1173 4493 1281 4531 τινι
1329 4470 1503 4549 αὐτῷ
1559 4470 1761 4550 τούτῳ
1819 4470 2208 4549 σοφώτερος
2240 4468 2410 4539 εἶναι,
2467 4468 2558 4529 ὅτι
2614 4469 2654 4528 ἃ
2709 4466 2799 4547 μὴ
2853 4465 3014 4536 οἶδα,

291 4578 443 4643 οὐδὲ
489 4580 701 4659 οἴομαι
749 4578 989 4639 εἰδέναι.
1037 4575 1211 4638 Plat.
1244 4572 1514 4639 Conviv.
1557 4576 1685 4637 204
1710 4572 1796 4649 A,
1843 4572 2046 4654 Soph.
2098 4575 2225 4637 229
2248 4570 2324 4650 C,
2371 4572 2573 4655 Legg.
2613 4569 2753 4636 l.-V
2787 4570 3012 4645 732Α,

288 4682 403 4746 IX
452 4684 579 4747 863
601 4679 678 4746 C.
764 4681 1076 4764 Xenoph.
1126 4681 1404 4745 Memor.
1452 4682 1563 4745 III
1613 4684 1673 4756 9,
1721 4682 1789 4745 6:
1846 4683 2076 4763 μανίαν
2123 4704 2191 4762 γε
2234 4682 2364 4762 μὴν
2410 4681 2684 4743 ἐναντίον
2727 4678 2844 4760 μὲν
2890 4680 3012 4759 ἔφη

289 4790 441 4853 εἶναι
479 4792 689 4872 σοφίᾳ,
738 4792 813 4852 σι’*
851 4792 1057 4871 μέντοι
1101 4814 1169 4870 γε
1206 4790 1315 4871 τὴν
1352 4790 1930 4872 ἀνεπιστημοσύνην
1973 4790 2203 4871 μανίαν
2250 4788 2508 4869 ἐνόμιζε.
2555 4786 2626 4849 τὸ
2665 4786 2734 4849 δὲ
2772 4786 3017 4867 ἀγνοεῖν
