3567 5109
1609 266 2042 327 ..72-

470 465 962 539 protraxerunt
1025 457 1094 517 in
1154 456 1498 519 distichon
1567 475 1863 535 sequens
1912 458 2023 535 (cf.
2092 458 2415 533 Mueller„
2462 476 2526 535 p.
2575 457 2745 535 267).
2814 458 3003 519 Idem
3053 456 3165 519 ad-

472 564 769 626 mittitur
815 563 884 625 in
933 564 1464 638 enumeratione,
1513 563 1702 623 velut
1748 565 1817 623 in
1864 563 1985 641 Ep.
2035 569 2134 639 49,
2184 566 2260 622 33
2288 580 2467 641 sqq.:

995 666 1148 715 Haec
1185 667 1334 715 bona
1371 666 1607 716 libertas
1646 664 1870 715 Christo
1906 666 2120 715 servire
2157 670 2211 715 et
2246 666 2307 714 in
2344 665 2466 727 ipso

1132 752 1410 804 Omnibus
1447 766 1564 803 esse
1602 766 1792 815 supra.
1833 753 1955 803 Non
1996 754 2235 803 dominis
2272 753 2579 816 hominum,

991 842 1112 892 Non
1152 824 1303 890 vitiis
1340 842 1531 907 servit,
1571 855 1682 890 non
1720 830 1952 901 regibus
1989 840 2085 889 ille
2121 840 2378 901 superbis

1131 928 1370 977 Tantum
1407 928 1503 989 qui
1545 928 1768 978 Christo
1804 906 2120 977 se‘dederit
2157 927 2402 978 domino,

683 1018 902 1079 Etiam
969 1020 1148 1079 intra
1211 1017 1439 1096 ipsum
1505 1016 1852 1078 distichon
1900 1014 2277 1077 sententiae
2342 1022 2496 1094 apte
2545 1019 2965 1078 conveniunt
3012 1034 3169 1079 cum

475 1132 713 1199 metm,
779 1124 910 1184 nisi
977 1122 1164 1201 quod
1230 1140 1510 1184 caesura
1557 1124 1626 1183 in
1675 1122 1995 1183 versibus
2042 1121 2243 1195 XXV,
2295 1126 2370 1180 65
2420 1129 2487 1182 et
2540 1128 2657 1181 146
2706 1124 2932 1183 minus
2979 1130 3173 1201 grate

470 1227 712 1290 incidit
759 1227 938 1289 inter
984 1229 1570 1306 praepositionem
1619 1232 1686 1289 et
1731 1226 2255 1288 substantivum.

681 1333 1089 1411 Discrepare
1121 1338 1345 1394 autem
1379 1348 1702 1394 numeros
1736 1338 1803 1392 et
1836 1330 2328 1393 sententiarum
2363 1332 2699 1392 clausulas
2748 1334 2815 1392 in
2856 1333 3175 1393 versibus

475 1437 710 1513 XXXI,
759 1441 878 1498 253
905 1456 1084 1515 sqq.:

995 1543 1064 1590 Et
1103 1546 1252 1591 certe
1287 1542 1367 1589 nil
1408 1546 1563 1590 terra
1601 1541 1736 1589 mihi
1774 1541 2054 1602 spondere
2091 1553 2193 1589 nec
2234 1552 2367 1589 ausa
2406 1546 2485 1589 est

1127 1628 1238 1679 Nec
1275 1629 1484 1691 potuit;
1526 1629 1666 1690 quin
1703 1635 1757 1677 et
1796 1642 1963 1689 saepe
2002 1628 2198 1676 fefellit
2240 1640 2375 1689 ager

997 1716 1104 1764 Vix
1143 1716 1437 1765 commissa
1473 1716 1580 1764 sibi
1619 1716 1863 1765 reddens
1900 1720 2019 1765 sata
2031 1729 2045 1774 ;
2074 1752 2085 1763 .
2116 1753 2127 1763 .
2155 1755 2166 1765 .

479 1820 617 1863 non
693 1804 1254 1883 vituperabimuS,
1331 1804 1454 1865 sed
1528 1804 1993 1879 laudabimus;
2076 1804 2248 1865 bene
2341 1806 2518 1865 enim
2596 1805 2723 1865 hoc
2800 1806 3177 1866 sententiae

474 1907 871 1985 respondet.
1956 1980 1962 1985 ,

686 2011 921 2091 Neque
985 2016 1055 2074 in
1121 2013 1468 2092 semipede
1534 2012 1760 2091 primo
1828 2012 2239 2091 pentametri
2306 2030 2526 2090 neque
2573 2012 2643 2073 in
2700 2014 2875 2075 thesi
2932 2024 3178 2091 quarta

482 2132 703 2193 neque
772 2119 842 2177 in
909 2119 1046 2178 arsi
1111 2125 1356 2196 quarta
1421 2135 1644 2195 neque
1709 2119 1778 2177 in
1844 2117 2019 2195 pede
2084 2119 2324 2196 quinto
2390 2117 2701 2178 invenies
2770 2120 3178 2179 sententiam

481 2221 852 2282 terminari.

688 2324 768 2385 In
803 2326 1125 2386 trochaeo
1159 2326 1436 2403 quidem
1455 2325 1677 2405 primo
1714 2327 2080 2403 quinquies
2117 2324 2218 2401 (X,
2258 2324 2365 2400 ‘123
2403 2324 2603 2400 XXX,
2647 2332 2711 2397 6;
2759 2326 2994 2401 XXXI,
3030 2330 3177 2401 216;

482 2434 632 2503 524;
693 2429 844 2506 620)
895 2432 1320 2490 enuntiatum
1372 2430 1643 2506 finitur3
1713 2430 1836 2490 sed
1884 2432 2085 2491 unius
2134 2432 2411 2507 generis
2458 2432 2525 2490 hi
2583 2431 2887 2508 quinque
2935 2448 3180 2491 versus

480 2538 658 2593 sunt.
694 2533 827 2593 Ter
849 2536 1028 2593 enim
1064 2536 1374 2611 sequitur
1408 2534 1740 2612 particula
1773 2533 2166 2612 copulativa
2198 2540 2268 2608 et,
2304 2534 2512 2595 semel
2542 2536 2930 2595 coniunctio
2953 2534 3180 2596 finalis

479 2642 552 2695 ut
597 2636 864 2715 (XXXI,
901 2637 1070 2715 524),
1112 2638 1322 2699 semel
1363 2640 1696 2717 particula
1727 2638 2165 2699 adversativa
2207 2634 2315 2698 sed
2347 2637 2613 2715 (XXXI,
2650 2639 2818 2715 620),
2861 2656 3031 2716 quas
3066 2656 3178 2699 vo-

483 2743 670 2803 culas
712 2741 1070 2804 Paulinum
1127 2760 1373 2821 magna
1421 2762 1572 2805 cum
1621 2742 1940 2806 libertate
1986 2743 2194 2804 modo
2252 2743 2337 2804 ad
2385 2761 2477 2817 ea,
2526 2760 2700 2820 quae
2752 2743 3184 2816 antecedunt,

483 2844 690 2907 modo
739 2846 824 2908 ad
870 2865 966 2924 ea,
1013 2865 1185 2925 quae
1233 2856 1635 2926 sequuntur,
1681 2850 1973 2910 traxisse
2045 2866 2127 2907 ex
2176 2847 2494 2926 plurimis
2540 2847 2710 2908 locis
2756 2854 2960 2925 patet.
3012 2848 3181 2909 Sub-

485 2953 730 3012 sistere
777 2957 1003 3013 autem
1052 2969 1292 3013 vocem
1341 2959 1501 3031 post
1551 2954 1796 3032 pedem
1844 2955 2143 3030 primum
2194 2951 2377 3012 haud
2424 2956 2527 3012 est
2574 2952 2929 3015 absonum.

687 3056 858 3116 Tum
894 3056 964 3117 in
997 3058 1446 3118 hexametri
1479 3073 1764 3119 caesura
1790 3073 2121 3135 persaepe
2155 3072 2569 3117 concurrere
2604 3056 2815 3117 finem
2849 3058 3181 3118 orationis

484 3176 639 3220 cum
685 3177 1131 3221 numerorum
1181 3162 1322 3223 fine
1371 3179 1578 3241 supra
1629 3163 2333 3223 commemoravimus,
2382 3159 2745 3222 Paulinum
2780 3167 3003 3221 autem
3040 3180 3181 3222 non

485 3263 928 3325 abhorruisse
991 3283 1028 3325 a
1089 3282 1393 3343 caesura,
1442 3283 1617 3344 quae
1662 3268 1845 3326 inter
1892 3265 2107 3326 verba
2171 3272 2315 3326 arte
2378 3266 2740 3325 coniuncta
2792 3264 3048 3341 incidit,
3096 3284 3181 3326 ex

485 3368 804 3429 versibus
849 3370 966 3429 illo
1013 3369 1165 3431 loco
1213 3370 1432 3431 allatis
1479 3373 1716 3431 elucet.
1926 3436 1933 3445 ‚

688 3472 855 3533 Post
917 3474 1204 3535 alterum
1271 3474 1619 3555 dactylum
1686 3476 2309 3552 interpunctionem
2368 3476 2435 3534 in
2485 3475 2633 3534 solo
2684 3491 2885 3534 versu
2936 3473 3009 3548 X,
3058 3477 3181 3535 204

485 3580 734 3639 inveni.
781 3579 900 3639 Est
945 3595 1187 3639 versus
1234 3580 1372 3640 hic:

1110 3682 1278 3743 (Quid
1317 3687 1377 3731 tu
1417 3683 1575 3743 mihi)
1598 3718 1811 3735 ......
1841 3682 2113 3745 ninguida
2154 3682 2423 3743 Pyrenaei

1109 3770 1296 3819 Obicis
1333 3770 1593 3835 hospitia,
1631 3770 1688 3819 in
1728 3770 1913 3831 primo
1951 3770 2112 3831 quasi
2152 3770 2343 3818 limine
2382 3770 2527 3817 fixus
2572 3772 2669 3816 -ἕ

487 3858 636 3928 Quo
682 3857 833 3919 loco
883 3856 1124 3920 duram
1171 3876 1321 3921 esse
1368 3859 1965 3932 intermissionem,
2015 3860 2327 3936 quamvis
2376 3859 2599 3935 aliqua
2651 3874 2733 3917 ex
2769 3865 2963 3934 parte
3012 3858 3187 3917 miti-

489 3969 689 4041 getur
736 3963 1166 4041 synaloepha,
1216 3963 1570 4025 concedes

693 4066 1094 4128 Graviorem
1143 4084 1314 4128 vero
1361 4069 1944 4128 intermissionem
2002 4069 2071 4127 in
2120 4067 2292 4127 thesi
2340 4066 2639 4126 secunda
2686 4066 3069 4143 reperimus
3116 4067 3187 4125 in

491 4170 810 4231 versibus
831 4170 1007 4245 XXI,
1032 4176 1148 4229 411
1177 4177 1244 4231 et
1264 4170 1535 4247 XXXII,
1560 4178 1655 4231 53.
1689 4170 1818 4231 Vix
1852 4176 2075 4231 autem
2113 4170 2311 4231 fallor
2333 4176 2521 4230 ratus
2554 4170 3182 4247 interpunctionem

491 4277 560 4335 in
625 4275 743 4334 illo
812 4277 1127 4337 excusari
1194 4277 1502 4337 oratione
1569 4282 2007 4354 properante.
2094 4275 2273 4335 Dicit
2339 4276 2519 4335 enim
2585 4275 2904 4335 Paulinus
2976 4292 3048 4335 se
3117 4277 3181 4334 in

493 4382 736 4457 quavis
783 4382 962 4441 vitae
1011 4380 1414 4441 condicione
1461 4380 1684 4441 Felice
1749 4380 2065 4441 adiutore
2114 4381 2702 4457 praestantissimo
2748 4396 2947 4439 usum
3000 4398 3183 4439 esse:

1009 4501 1190 4561 Inque
1228 4501 1406 4550 vicem
1445 4501 1590 4549 sensi
1631 4501 1873 4548 Felicem
1915 4500 2182 4548 adsistere
2220 4500 2424 4547 nostris

1013 4588 1198 4637 Rebus
1233 4589 1294 4637 in
1332 4602 1496 4637 omne
1535 4590 1742 4636 bonum
1782 4600 1885 4647 per
1922 4594 2121 4635 cuneta
2162 4588 2426 4649 domique
2467 4585 2712 4647 forisque

1011 4674 1392 4725 conficienda.
1433 4674 1566 4722 Mihi
1605 4687 1692 4723 res
1730 4680 1781 4722 et
1823 4674 2073 4722 defensio
2111 4687 2299 4722 rerum

1011 4762 1166 4811 Unus
1203 4768 1322 4811 erat
1365 4762 1520 4811 Felix
1525 4799 1706 4811 ......
