3567 5109
950 1260 1090 1340 III.
1150 1261 1292 1339 De
1365 1259 1570 1340 Iulii
1649 1259 2141 1342 Severiani
2218 1263 2733 1360 excerptis.

691 1437 1091 1516 Praecepta,
1126 1455 1299 1518 quae
1346 1436 1564 1500 Iulius
1613 1436 2034 1500 Severianus
2081 1439 2319 1510 tradit,
2368 1440 2439 1501 in
2490 1439 2862 1516 codicibuS,
2912 1439 3031 1518 qui
3082 1459 3188 1501 ex-

483 1547 686 1618 stant,
735 1541 834 1604 Sic
898 1541 1413 1605 inscribuntur:
1467 1539 1820 1623 Praecepta
1866 1541 2028 1602 artis
2072 1540 2474 1604 rhaetoricae
2532 1541 2713 1620 (rhet.
2775 1541 2846 1614 Γ,
2894 1541 3050 1602 reth.
3100 1540 3161 1602 E
3152 1563 3187 1626 J

482 1642 840 1705 summatim
887 1641 1150 1706 collecta·
1195 1643 1269 1704 de
1314 1642 1529 1707 multis
1572 1666 1649 1707 ac
1678 1652 2038 1729 syntomala
2085 1645 2547 1730 (acyntoma-tos
2594 1645 2666 1722 Γ,
2709 1667 2784 1715 ac
2817 1655 3073 1730 sumpta.
3107 1645 3190 1729 E)

481 1771 522 1810 a.
571 1746 744 1810 Iulio
791 1745 1138 1810 Severiano
1161 1752 1227 1829 ¹).
1322 1751 1680 1814 Secundus
1728 1758 1961 1815 autem
2011 1753 2261 1816 editor.
2319 1753 2558 1816 Sixtus
2606 1772 2642 1816 a
2689 1753 2975 1832 Popma,
3024 1755 3189 1814 haec

487 1855 799 1918 exhibet:
847 1849 1100 1915 Aurelii
1149 1851 1436 1918 Cornelii
1482 1851 1650 1920 Celsi
1691 1852 1765 1914 de
1812 1863 1951 1916 arte
1998 1851 2264 1916 dicendi
2306 1852 2567 1918 libellus,
2658 1857 2858 1928 Quod
2906 1859 2964 1918 Si
3012 1857 3192 1918 hunc

488 1979 643 2024 cum
665 1961 738 2022 R.
775 1961 1318 2024 Reitzensteinio
1336 1963 1384 2040 ⁸³)
1419 1963 1897 2024 tantummodo
1922 1963 2297 2024 coniecisse
2320 1969 2794 2040 statueremus,
2830 1979 2972 2024 non
2995 1961 3192 2023 intel-

485 2067 896 2144 legeremus
963 2067 1316 2146 quomodo
1383 2067 1565 2130 hunc
1631 2068 1859 2129 virum
1910 2067 2211 2140 doctum,
2280 2067 2339 2129 si
2406 2085 2563 2130 eum
2630 2087 2713 2129 ex
2781 2065 3189 2138 Quintiliani

486 2172 679 2237 locis,
730 2170 984 2250 quibus
1033 2170 1214 2233 Celsi
1266 2171 1527 2234 mentio
1573 2173 1676 2247 fit,
1725 2171 2031 2235 Cornelii
2083 2173 2474 2234 doctrinam
2521 2173 2593 2233 in
2641 2171 2799 2233 Iulii
2835 2171 3192 2234 Severiani

490 2277 877 2356 praeceptis
924 2276 1139 2339 latere
1187 2276 1602 2354 cognovisse
1652 2277 2209 2350 adfirmaremuS,
2258 2278 2439 2340 hunc
2484 2276 2797 2339 libellum
2845 2277 3191 2354 integram

490 2381 675 2442 illius
723 2381 1146 2443 rhetoricam
1193 2400 1334 2443 non
1385 2400 1536 2443 esse
1582 2381 1829 2461 fugere
1876 2384 2200 2462 potuerit,
2248 2380 2663 2460 praesertim
2730 2399 2887 2442 cum
2932 2381 3193 2443 Fabius

489 2485 750 2549 diserte
815 2485 1008 2547 illum
1078 2488 1468 2549 accuratius
1535 2489 1620 2548 de
1668 2489 1796 2549 hac
1862 2506 1938 2549 re
1986 2488 2355 2568 scripsisse
2404 2493 2713 2548 testetur.
2806 2487 3038 2558 Quare
3104 2487 3191 2546 ad

493 2609 735 2652 verum
783 2592 1078 2670 propius
1124 2591 1452 2654 accedere
1499 2592 1702 2653 nobis
1753 2593 2093 2668 videmur,
2144 2593 2199 2654 si
2249 2591 2609 2653 Severiani
2657 2590 2915 2652 librum
2965 2589 3035 2650 in
3086 2609 3191 2651 co-

488 2695 658 2770 dice,
707 2713 845 2774 quo
894 2694 1011 2757 ille
1061 2697 1170 2756 vir
1217 2696 1466 2759 doctus
1515 2715 1682 2758 usus
1714 2705 1839 2761 est.
1891 2698 2195 2760 Cornelii
2230 2696 2410 2759 Celsi
2447 2696 2725 2758 nomine
2771 2694 3189 2773 inscriptum

489 2799 706 2862 fuisse
754 2803 1147 2875 statuimus,
1213 2804 1320 2863 cui
1370 2802 1756 2864 sententiae
1824 2803 2032 2863 ctiam
2083 2803 2151 2864 C.
2200 2803 2518 2862 Halmius
2578 2799 2989 2872 adsentitur,
3038 2817 3189 2860 cum

491 2905 637 2976 (Rh.
705 2906 778 2966 L.
846 2905 924 2967 M.
991 2909 1210 2985 praef.
1277 2927 1337 2986 p.
1405 2909 1489 2984 Χ)
1557 2907 1754 2968 dicit:
1848 2905 2071 2978 ‘Quod
2148 2905 2493 2968 secundus
2560 2906 2805 2976 editor,
2872 2904 3109 2966 Sixtus
3156 2923 3191 2966 a

489 3010 766 3089 Popma‚
814 3011 997 3072 idem
1067 3014 1272 3088 (huuc
1337 3012 1648 3074 libellum
1716 3015 1853 3075 iarn
1900 3014 2086 3092 typis
2144 3013 2573 3090 exscriptum
2624 3009 2864 3088 fuisse)
2914 3011 3189 3088 ignora·

488 3121 701 3191 verat,
748 3132 828 3177 eo
877 3116 1157 3178 nomine
1194 3118 1668 3180 excusandum
1710 3127 1881 3192 erat,
1932 3117 2119 3196 quod
2153 3115 2463 3177 libellum
2500 3116 2568 3175 in
2604 3114 2842 3176 codice
2876 3133 3002 3176 suo
3052 3132 3191 3176 non

489 3220 768 3298 integro
826 3220 964 3283 alio
1021 3223 1318 3298 nomine,
1372 3218 1654 3284 Cornelii
1702 3219 1885 3298 Celsi,
1937 3222 2351 3300 inscriptum
2386 3221 2783 3282 invenerat?
2840 3253 2904 3262 —
2964 3219 3193 3289 Quare

489 3325 606 3386 illa
664 3325 912 3387 verba:
1007 3322 1325 3404 Am·elz'l³)
1399 3323 1680 3386 Cornelii
1749 3323 1918 3385 Celsi
1976 3322 2051 3382 de
2116 3332 2252 3382 arte
2300 3320 2552 3382 dicendi
2600 3319 2840 3382 libellus
2902 3324 3190 3385 fluxisse

491 3431 636 3491 veri
686 3432 906 3492 simile
955 3439 1060 3492 est
1105 3450 1190 3492 ex
1235 3442 1466 3493 vetere
1514 3451 1736 3510 eoque
1783 3433 1967 3492 bono
2018 3430 2228 3504 fonte,
2276 3431 2347 3490 in
2398 3448 2535 3507 quo
2601 3430 2769 3490 haec
2817 3437 3189 3508 praecepta

489 3554 572 3596 ex
624 3535 806 3597 Celsi
871 3536 1073 3598 libris
1123 3546 1454 3616 excerpta
1503 3557 1654 3598 esse
1703 3537 2115 3598 adnotatum
2164 3542 2331 3596 erat.
2406 3535 2552 3594 Iam
2598 3551 2769 3595 vero
2818 3533 3189 3610 epitomam

489 3658 639 3701 esse
687 3642 816 3702 hoc
866 3643 1206 3720 scriptum
1254 3661 1455 3702 nemo
1505 3641 1807 3718 negabit,
1856 3642 1973 3720 qui
2024 3643 2186 3702 haec
2234 3639 2449 3700 verba
2496 3637 2831 3715 legerit⁴):
2893 3633 3184 3696 Forsitan

490 3765 579 3804 me
624 3752 1070 3827 usmqiatorem
1116 3742 1314 3806 ardui
1357 3746 1567 3826 operis
1597 3796 1612 3810 .
1645 3795 1658 3809 .
1693 3796 1707 3809 .
1721 3745 1992 3828 fateare
2025 3793 2037 3806 .
2071 3794 2085 3808 .
2118 3791 2153 3809 ..
2187 3763 2329 3802 cum
2365 3741 2577 3824 possis
2607 3738 2933 3800 advertere
2980 3760 3023 3799 η
3038 3739 3063 3798 i
3070 3738 3147 3798 1ιί
3158 3736 3177 3798 l

493 3869 579 3908 me
625 3845 944 3908 rhetorum
979 3850 1341 3931 praeceptis
1385 3847 1869 3913 aditam-inse.
1918 3846 2030 3909 sed
2080 3869 2234 3931 quae
2282 3848 2352 3906 in
2402 3845 2561 3926 ipsis
2590 3845 2865 3926 φανείην,
2897 3841 3180 3926 Zeqeram,

494 3951 562 4014 in
643 3951 1014 4038 qim-‘edam
1090 3953 1455 4015 sermoni-s·
1529 3952 1933 4038 anyaetstias
2013 3960 2428 4014 swam-tasse.
2518 3949 2810 4031 Denique
2885 3949 2946 4008 si
3028 3947 3182 4009 haec

489 4056 819 4139 qnisquam
882 4056 1072 4143 diana
1140 4058 1462 4136 est-istimet,
1508 4080 1666 4141 quae
1731 4059 1800 4119 in
1846 4079 2073 4119 manus
2116 4062 2345 4133 sumat,
2393 4055 2661 4137 reperiet
2706 4074 2777 4114 ea
2823 4073 2917 4112 me
2962 4049 3038 4112 de
3086 4073 3181 4112 ve-

491 4159 721 4222 teribus
771 4164 1253 4246 per-strlmm’saese.
1318 4161 1541 4247 quibus
1604 4162 1825 4226 cotidie
1889 4159 1982 4224 ad
2010 4163 2335 4246 forensem
2403 4179 2695 4242 campum
2758 4154 3185 4219 adulescentia

705 4361 739 4423 ¹)
777 4363 845 4409 cf.
885 4361 941 4410 C.
985 4359 1196 4408 Halmii
1235 4359 1434 4419 Rh(et.)
1475 4357 1639 4418 1¹(at.)
1681 4357 1861 4430 Mon.)
1899 4371 1953 4418 p.
1994 4359 2112 4420 355,
2152 4367 2349 4416 appar.
2389 4354 2513 4402 crit.

701 4447 740 4510 ἢ
778 4447 977 4496 Philol.
1018 4447 1168 4495 LVII
1210 4446 1408 4508 (1898),
1445 4448 1527 4494 54.

702 4533 741 4593 ³¹)
783 4517 1016 4582 Eodom'
1049 4533 1216 4582 modo
1264 4533 1406 4584 Celsi
1463 4545 1805 4596 praenomen
1862 4531 1919 4579 in
1962 4529 2248 4578 codicibus
2285 4541 2457 4576 manu
2492 4526 2733 4590 scriptis,
2772 4525 2978 4588 qulbus
3016 4523 3185 4576 medi·

495 4625 652 4672 rinae
689 4623 824 4671 VIII
864 4624 995 4672 libri
1032 4624 1406 4674 continentur.
1445 4626 1768 4686 corruptum
1809 4625 1914 4672 est:
1958 4619 2024 4670 rs.
2065 4617 2259 4670 Rittori
2302 4630 2353 4684 p.
2394 4617 2474 4666 53.

702 4715 739 4765 ⁴)
778 4711 970 4778 p.'3:'›5
1010 4713 1137 4778 ‹1{.).
