3567 5109
1518 273 1995 335 -197—

403 475 561 534 octo
607 474 839 550 partes
888 454 1235 541 orationis*
1285 466 1601 542 tradidit;
1667 471 1968 546 uterque
2015 464 2198 529 enim
2249 466 2782 546 appellationem
2847 467 3107 527 nomini

403 574 717 639 subiecit.
750 569 1016 636 Deinde
1041 573 1407 636 Palaemon
1436 589 1571 654 pro
1604 572 1916 635 articulis
1947 572 2460 634 interiectiones
2491 571 2784 650 recepit;
2820 572 3106 634 eandem

402 680 792 743 doctrinam
823 680 1135 742 invenias
1170 676 1355 758 apud
1377 676 1765 741 Charisium
1796 695 1862 758 p.
1890 680 2028 752 152,
2054 682 2130 735 14
2153 676 2230 739 K.
2259 676 2558 752 Accedit,
2593 675 2780 756 quod
2813 710 2890 721 ·—
2929 674 3109 739 dicat

403 786 586 846 enim
624 787 860 848 nescio
894 786 1047 864 quis
1079 783 1211 845 hos
1230 783 1675 846 Palaemones
1694 781 1976 845 eosdem
2010 781 2225 845 fuisse
2253 798 2392 844 non
2423 787 2743 844 constare
2763 814 2836 825 —-
2879 781 3107 845 Claus-

402 907 609 952 senus
642 887 1007 970 probabile
1036 905 1188 953 esse
1218 886 1418 951 docet
1440 887 1939 960 Quintilianum
1969 887 2042 949 in
2071 904 2148 949 re
2177 885 2718 969 orthographica
2745 888 3107 950 tractanda

401 995 696 1057 eundem
744 996 1271 1074 grammaticum
1328 998 1638 1057 secutum
1696 1010 1866 1068 esse,
1922 1009 2127 1071 quem
2176 991 2247 1054 in
2293 1009 2373 1054 re
2419 991 2881 1071 grammatica.
2957 993 3108 1066 Qua

400 1102 469 1161 in
517 1101 969 1181 explicatione
1016 1098 1289 1162 Claudii
1336 1096 1645 1163 Caesaris
1694 1098 2089 1177 digammon
2136 1098 2652 1186 memoratur31)
2721 1116 2854 1177 qua
2900 1116 2984 1161 ex
3032 1116 3108 1161 re

400 1206 579 1266 hunc
664 1204 1187 1282 grammaticum
1263 1203 1704 1283 imperatoris
1781 1200 2055 1265 Claudii
2141 1201 2344 1265 aetati
2418 1201 2527 1265 vel
2601 1202 3109 1282 posterioribus

400 1309 829 1388 temporibus
894 1325 1115 1387 usque
1182 1307 1270 1369 ad
1334 1306 1737 1380 Quintiliani
1799 1306 2019 1387 ipsius
2082 1312 2371 1369 aetatem
2446 1305 2890 1369 tribuendum
2957 1324 3108 1369 esse

398 1419 716 1492 apparet;
785 1416 843 1475 si
899 1418 1122 1475 autem
1182 1411 1694 1491 grammaticos,
1750 1414 1870 1491 qui
1919 1428 1959 1472 a
2007 1410 2434 1483 Quintiliano
2482 1409 2895 1485 afferuntur,
2957 1430 3107 1492 per-

396 1516 869 1592 lustrabimus,
933 1516 1183 1593 nulluS,
1250 1517 1365 1596 qui
1428 1520 1498 1578 in
1562 1522 1711 1578 arte
1772 1516 2222 1595 grammatica
2289 1517 2388 1578 illi
2457 1514 2723 1581 Claudii
2792 1515 3108 1579 Caesaris

399 1622 663 1683 litterae
715 1622 944 1683 locum
989 1620 1377 1684 concedere
1430 1623 1754 1701 potuerit,
1801 1621 2188 1699 reperietur
2228 1620 2360 1683 nisi
2393 1612 2728 1683 Palaemo.
2777 1609 3108 1682 Videmus

396 1724 613 1803 igitur
656 1730 942 1788 aetatem
988 1725 1436 1801 Palaemonis,
1467 1742 1671 1803 quem
1720 1723 2182 1796 Quintilianus
2227 1724 2614 1804 exscripsit,
2669 1728 2762 1787 ita
2807 1723 3107 1799 definiri,

399 1835 472 1891 ut
519 1847 673 1891 cum
722 1829 1156 1909 temporibus
1202 1828 1389 1893 illius
1431 1828 1886 1905 PalaemoniS,
1935 1847 2137 1908 quem
2171 1828 2455 1891 Persius
2497 1829 2777 1903 audivit,
2824 1847 3107 1893 consen-

400 1934 532 1996 tiat.
584 1933 812 2006 Quare
844 1933 1343 2005 Quintilianum
1391 1939 1457 1996 et
1489 1933 1804 1996 Persium
1853 1932 2096 1996 eodem
2146 1935 2479 2011 magistro
2528 1951 2693 1997 usos
2741 1951 2892 1997 esse
2939 1934 3108 1995 satis

398 2041 681 2101 constat.
723 2037 928 2109 Quod
961 2041 1078 2117 qui
1113 2036 1606 2113 considerabit,
1637 2036 2134 2109 Quintilianum
2167 2040 2440 2117 privato
2473 2038 2702 2101 studio
2735 2037 3104 2101 adductum

403 2141 715 2204 Persium
751 2143 922 2205 adeo
956 2142 1341 2205 laudavisse
1373 2159 1868 2205 concessurum
1904 2158 2055 2205 esse
2087 2143 2400 2205 arbitror.
2431 2134 2672 2222 Itaque
2703 2142 2884 2220 inde,
2917 2142 3104 2222 quod

396 2246 707 2308 Persium
755 2246 1160 2310 imitandum
1218 2245 1349 2310 sibi
1396 2263 1537 2309 non
1582 2244 1970 2327 proposuit,
2025 2247 2417 2310 Iuvenalem
2464 2247 2864 2320 Quintiliani
2909 2265 3103 2327 prae-

395 2356 599 2431 cepta
645 2356 957 2413 secutum
1005 2369 1147 2414 non
1196 2368 1347 2413 esse
1394 2351 1718 2414 concludi
1763 2369 1904 2414 non
1951 2356 2208 2433 potest;
2254 2350 2466 2414 immo
2512 2370 2680 2414 vero
2726 2352 2852 2415 hac
2901 2370 2984 2415 ex
3030 2370 3107 2414 re

396 2454 815 2533 Iuvenalem,
871 2473 1045 2536 quae
1101 2473 1187 2518 ex
1234 2454 1355 2533 eis,
1403 2472 1576 2535 quae
1624 2456 1953 2518 docuerat
1999 2456 2478 2531 Quintilianus,
2542 2458 2612 2518 in
2657 2473 2856 2519 suum
2906 2473 3104 2519 usum

396 2560 762 2635 convertit,
810 2560 1000 2623 bono
1048 2559 1340 2622 consilio
1384 2544 1734 2639 recepisse
1781 2577 2008 2639 neque
2038 2560 2112 2621 in
2145 2561 2461 2639 magistri
2510 2560 2729 2624 verba
2767 2559 3105 2623 iuravisse

394 2665 635 2727 elucet.
710 2664 947 2744 Neque
1010 2664 1353 2727 Iuvenalis
1435 2663 1625 2743 quod
1688 2663 1912 2726 Persii
1979 2670 2370 2727 saturarum
2444 2664 2698 2727 librum
2785 2665 3107 2743 neglexit,

396 2767 777 2848 vituperari
837 2774 1083 2848 potest,
1146 2784 1300 2831 cum
1365 2786 1451 2830 ne
1511 2769 1703 2844 nos2)
1767 2766 2046 2847 quidem
2111 2773 2184 2829 ut
2233 2768 2692 2841 Quintilianus
2754 2768 2838 2831 de
2889 2769 3106 2831 Persii

397 2872 651 2934 saturis
697 2872 1102 2937 iudicemus.
1805 2954 1814 2965 .

606 2975 1005 3039 Iuvenalem
1072 2979 1284 3056 igitur
1347 2995 1501 3039 cum
1569 2994 1741 3056 quae
1788 2977 2246 3050 Quintilianus
2314 2976 2398 3040 de
2463 2977 2688 3058 poetis
2751 2978 3106 3040 imitandis

396 3080 871 3159 praescripsit,
936 3080 1165 3161 quoad
1228 3083 1417 3144 salvo
1479 3099 1605 3143 suo
1683 3080 1942 3144 iudicio
2008 3083 2344 3162 salvaque
2409 3100 2528 3145 sua
2594 3082 2826 3146 indole
2877 3083 3104 3145 facere

398 3183 648 3263 potuit,
694 3192 1008 3248 secutum
1066 3202 1220 3247 esse
1266 3184 1796 3256 ostenderimus,
1845 3186 1978 3249 iam
2025 3189 2530 3266 perquiramuS,
2594 3206 2760 3249 num
2824 3187 2910 3252 ad
2969 3186 3105 3250 alia

398 3306 677 3368 quoque
709 3289 1116 3362 Quintiliani
1164 3298 1533 3370 praecepta
1575 3290 1645 3353 in
1692 3291 1950 3355 saturis
1998 3293 2495 3373 componendis
2529 3312 2604 3355 se
2636 3293 3102 3357 accommoda-

393 3394 590 3456 verit.
636 3392 1107 3465 Quintilianus
1137 3394 1361 3474 igitur
1396 3414 1509 3458 res
1542 3396 1900 3475 quasdam,
1948 3398 2148 3476 quasi
2183 3404 2341 3460 ante
2375 3399 2616 3461 oculos
2647 3396 3104 3461 scribentium

394 3498 502 3561 vel
547 3498 923 3561 dicentium
971 3498 1164 3575 fiant,
1211 3500 1513 3579 proponi
1556 3500 1707 3563 vult
1753 3502 1922 3564 Inst.
1974 3520 2054 3564 or
2105 3502 2215 3566 ,IX
2265 3508 2322 3579 2,
2373 3509 2483 3565 33:
2556 3498 2864 3563 commode
2910 3501 3106 3561 etiam

395 3608 511 3663 aut
556 3598 730 3663 nobie
774 3598 1029 3684 aliquas
1072 3608 1222 3663 ante
1286 3598 1498 3664 oculos
1541 3623 1668 3665 esse
1720 3624 1948 3684 rerum,
1994 3626 2452 3687 personarum,
2515 3627 2732 3667 vocum.
2797 3602 3106 3686 imayines

386 3702 683 3789 finyimm
743 3713 857 3767 aut
910 3702 1133 3767 eadem
1193 3703 1589 3771 adversm-iis
1651 3716 1764 3769 aut
1825 3706 2146 3773 iudicibus
2215 3730 2340 3771 non
2414 3708 2701 3773 accidere
2762 3706 3104 3772 miramur:

396 3806 619 3891 qualia
647 3818 795 3871 aunt
844 3808 1023 3875 ‘mihi
1051 3808 1329 3873 videtur’
1376 3820 1433 3873 et
1483 3816 1707 3875 ‘nonne
1737 3812 1988 3876 videtur
2016 3812 2194 3877 tibi?
2241 3812 2368 3878 Sed
2395 3836 2630 3900 maqna
2660 3810 2975 3899 quaedam
3005 3811 3104 3876 via

395 3912 778 3996 eloquentiae
822 3912 1242 3981 desideratur.
1308 3917 1735 3990 Quintiliano
1782 3920 1944 3983 talia
1990 3922 2294 3986 hortanti
2339 3921 2690 3985 Iuvenalis
2744 3920 2972 4002 prima
3029 3920 3100 3982 in

398 4024 633 4082 satura
677 4021 1038 4099 ingeniose
1095 4021 1551 4105 obtemperat,
1606 4026 1678 4086 in
1726 4042 1864 4105 qua
1912 4025 2111 4105 quasi
2157 4028 2226 4089 in
2278 4026 2645 4106 quadrivio
2693 4025 2884 4089 stans
2928 4024 3101 4088 vitia

396 4130 753 4204 tamquam
820 4132 978 4189 ante
1042 4127 1231 4207 ipsos
1280 4127 1519 4190 oculos
1564 4134 1930 4192 versentur
1980 4131 2316 4194 describit
2330 4153 2347 4209 ;
2416 4130 2758 4208 conferas,
2824 4146 3099 4211 quaes0,

398 4234 517 4291 sat.
551 4229 584 4290 Ι
629 4236 706 4289 63
730 4247 912 4309 sqq.:

813 4348 1047 4413 Nonne
1096 4348 1243 4443 libet
1288 4349 1532 4415 medio
1576 4374 1790 4416 cerac
1836 4352 2146 4439 implere
2193 4376 2510 4440 capaces

812 4452 1240 4541 quadrivia,
1274 4478 1415 4520 cum
1444 4455 1576 4521 iam
1618 4467 1796 4521 sexta
1840 4458 2082 4524 cervice
2106 4460 2431 4546 feratur

608 4630 645 4691 ¹)
682 4628 874 4687 Quint.
914 4630 1051 4681 Inst.
1090 4643 1171 4683 or.
1208 4632 1237 4681 1
1273 4635 1322 4698 4,
1360 4635 1409 4684 8.

602 4716 645 4777 ²)
682 4716 765 4767 ct.
806 4712 1048 4767 Schanzi
1093 4718 1153 4769 B.
1200 4718 1259 4771 1..
1298 4719 1383 4771 11²
1424 4734 1478 4783 p.
1504 4722 1597 4773 67:
1638 4758 1689 4771 ..
1726 4718 1848 4773 ‘Die
1891 4720 2160 4775 Neuzeit?
2219 4724 2310 4775 Sie
2355 4724 2650 4775 verurteilt
2703 4722 2920 4774 nahezu
2977 4722 3092 4771 ein-

394 4800 643 4864 stlmmig
680 4802 789 4853 den
828 4802 1149 4855 romischen
1190 4806 1421 4857 Dichter
1456 4808 1574 4859 und
1614 4808 1715 4859 mit
1752 4807 1955 4863 Recht.’
1994 4823 2042 4861 e.
2080 4825 2133 4876 q.
2173 4824 2215 4861 s.
