<?xml version="1.0" encoding="UTF-8"?>
<!DOCTYPE html PUBLIC "-//W3C//DTD XHTML 1.0 Transitional//EN"
    "http://www.w3.org/TR/xhtml1/DTD/xhtml1-transitional.dtd">
<html xmlns="http://www.w3.org/1999/xhtml" xml:lang="en" lang="en">
 <head>
  <title>
</title>
<meta http-equiv="Content-Type" content="text/html;charset=utf-8" />
  <meta name='ocr-system' content='tesseract 3.04.00' />
  <meta name='ocr-capabilities' content='ocr_page ocr_carea ocr_par ocr_line ocrx_word'/>
</head>
<body>
  <div class='ocr_page' id='page_1' title='image "./dissertationesp09wiengoog_0269.png"; bbox 0 0 3567 5109; ppageno 0'>
   <div class='ocr_carea' id='block_1_1' title="bbox 1469 272 1912 333">
    <p class='ocr_par' dir='ltr' id='par_1_1' title="bbox 1469 272 1912 333">
     <span class='ocr_line' id='line_1_1' title="bbox 1469 272 1912 333; baseline -0.002 -18"><span class='ocrx_word' id='word_1_1' title='bbox 1469 272 1912 333; x_wconf 73' lang='lat'>—55—</span> 
     </span>
    </p>
   </div>
   <div class='ocr_carea' id='block_1_2' title="bbox 328 482 3054 993">
    <p class='ocr_par' dir='ltr' id='par_1_2' title="bbox 328 482 3054 993">
     <span class='ocr_line' id='line_1_2' title="bbox 543 482 3054 564; baseline 0 -18"><span class='ocrx_word' id='word_1_2' title='bbox 543 482 735 547; x_wconf 85' lang='lat' dir='ltr'>Haec</span> <span class='ocrx_word' id='word_1_3' title='bbox 794 484 1121 547; x_wconf 85' lang='lat' dir='ltr'>sententia</span> <span class='ocrx_word' id='word_1_4' title='bbox 1176 503 1294 563; x_wconf 85' lang='lat' dir='ltr'>per</span> <span class='ocrx_word' id='word_1_5' title='bbox 1350 504 1419 545; x_wconf 86' lang='lat' dir='ltr'>se</span> <span class='ocrx_word' id='word_1_6' title='bbox 1476 504 1609 545; x_wconf 91' lang='lat' dir='ltr'>non</span> <span class='ocrx_word' id='word_1_7' title='bbox 1666 489 1804 545; x_wconf 80' lang='lat' dir='ltr'>tam</span> <span class='ocrx_word' id='word_1_8' title='bbox 1855 482 2209 564; x_wconf 84' lang='lat' dir='ltr'>singularis</span> <span class='ocrx_word' id='word_1_9' title='bbox 2259 504 2338 547; x_wconf 86' lang='lat' dir='ltr'>ex</span> <span class='ocrx_word' id='word_1_10' title='bbox 2387 482 2741 547; x_wconf 77' lang='lat' dir='ltr'>Charmide</span> <span class='ocrx_word' id='word_1_11' title='bbox 2793 489 3054 564; x_wconf 83' lang='lat' dir='ltr'>sumpta</span> 
     </span>
     <span class='ocr_line' id='line_1_3' title="bbox 328 587 3052 672; baseline 0.001 -21"><span class='ocrx_word' id='word_1_12' title='bbox 328 595 457 667; x_wconf 88' lang='lat' dir='ltr'>est;</span> <span class='ocrx_word' id='word_1_13' title='bbox 528 590 630 653; x_wconf 87' lang='lat' dir='ltr'>cui</span> <span class='ocrx_word' id='word_1_14' title='bbox 690 590 785 653; x_wconf 89' lang='lat' dir='ltr'>rei</span> <span class='ocrx_word' id='word_1_15' title='bbox 841 589 1019 653; x_wconf 85' lang='lat' dir='ltr'>favet</span> <span class='ocrx_word' id='word_1_16' title='bbox 1076 591 1377 672; x_wconf 88' lang='lat' dir='ltr'>primum,</span> <span class='ocrx_word' id='word_1_17' title='bbox 1441 587 1620 671; x_wconf 86' lang='lat' dir='ltr'>quod</span> <span class='ocrx_word' id='word_1_18' title='bbox 1676 590 1963 671; x_wconf 81' lang='lat' dir='ltr'>scriptor</span> <span class='ocrx_word' id='word_1_19' title='bbox 2015 590 2249 653; x_wconf 89' lang='lat' dir='ltr'>iisdem</span> <span class='ocrx_word' id='word_1_20' title='bbox 2306 589 2543 672; x_wconf 88' lang='lat' dir='ltr'>quibus</span> <span class='ocrx_word' id='word_1_21' title='bbox 2588 589 2786 653; x_wconf 84' lang='lat' dir='ltr'>Plato</span> <span class='ocrx_word' id='word_1_22' title='bbox 2835 590 3052 653; x_wconf 78' lang='lat' dir='ltr'>verbis</span> 
     </span>
     <span class='ocr_line' id='line_1_4' title="bbox 331 696 3050 778; baseline 0 -20"><span class='ocrx_word' id='word_1_23' title='bbox 331 697 557 774; x_wconf 87' lang='lat' dir='ltr'>utitur,</span> <span class='ocrx_word' id='word_1_24' title='bbox 606 702 747 759; x_wconf 84' lang='lat' dir='ltr'>tum</span> <span class='ocrx_word' id='word_1_25' title='bbox 804 697 1151 778; x_wconf 88' lang='lat' dir='ltr'>utriusque</span> <span class='ocrx_word' id='word_1_26' title='bbox 1209 696 1341 759; x_wconf 88' lang='lat' dir='ltr'>loci</span> <span class='ocrx_word' id='word_1_27' title='bbox 1395 702 1614 760; x_wconf 89' lang='lat' dir='ltr'>tenor:</span> <span class='ocrx_word' id='word_1_28' title='bbox 1682 702 1749 760; x_wconf 89' lang='lat' dir='ltr'>et</span> <span class='ocrx_word' id='word_1_29' title='bbox 1805 696 1911 759; x_wconf 89' lang='lat' dir='ltr'>hic</span> <span class='ocrx_word' id='word_1_30' title='bbox 1967 703 2033 760; x_wconf 82' lang='lat' dir='ltr'>et</span> <span class='ocrx_word' id='word_1_31' title='bbox 2088 696 2223 760; x_wconf 87' lang='lat' dir='ltr'>illic</span> <span class='ocrx_word' id='word_1_32' title='bbox 2271 717 2483 760; x_wconf 87' lang='lat' dir='ltr'>sermo</span> <span class='ocrx_word' id='word_1_33' title='bbox 2531 705 2634 760; x_wconf 86' lang='lat' dir='ltr'>est</span> <span class='ocrx_word' id='word_1_34' title='bbox 2681 698 2760 761; x_wconf 91' lang='lat' dir='ltr'>de</span> <span class='ocrx_word' id='word_1_35' title='bbox 2808 698 2888 761; x_wconf 89' lang='lat' dir='ltr'>iis</span> <span class='ocrx_word' id='word_1_36' title='bbox 2935 698 3050 760; x_wconf 89' lang='lat' dir='ltr'>ho-</span> 
     </span>
     <span class='ocr_line' id='line_1_5' title="bbox 334 801 3050 885; baseline 0.001 -20"><span class='ocrx_word' id='word_1_37' title='bbox 334 801 632 880; x_wconf 77' lang='lat' dir='ltr'>minibuS,</span> <span class='ocrx_word' id='word_1_38' title='bbox 692 804 825 885; x_wconf 89' lang='lat' dir='ltr'>qui,</span> <span class='ocrx_word' id='word_1_39' title='bbox 874 824 1022 866; x_wconf 89' lang='lat' dir='ltr'>cum</span> <span class='ocrx_word' id='word_1_40' title='bbox 1070 804 1287 867; x_wconf 83' lang='lat' dir='ltr'>sciant</span> <span class='ocrx_word' id='word_1_41' title='bbox 1334 824 1403 867; x_wconf 90' lang='lat' dir='ltr'>se</span> <span class='ocrx_word' id='word_1_42' title='bbox 1449 801 1924 867; x_wconf 86' lang='lat' dir='ltr'>nonnullarum</span> <span class='ocrx_word' id='word_1_43' title='bbox 1971 825 2186 866; x_wconf 86' lang='lat' dir='ltr'>rerum</span> <span class='ocrx_word' id='word_1_44' title='bbox 2233 804 2573 885; x_wconf 88' lang='lat' dir='ltr'>imperitos</span> <span class='ocrx_word' id='word_1_45' title='bbox 2621 825 2781 881; x_wconf 86' lang='lat' dir='ltr'>esse,</span> <span class='ocrx_word' id='word_1_46' title='bbox 2828 810 3050 867; x_wconf 86' lang='lat' dir='ltr'>tamen</span> 
     </span>
     <span class='ocr_line' id='line_1_6' title="bbox 333 908 3050 993; baseline 0.001 -21"><span class='ocrx_word' id='word_1_47' title='bbox 333 930 443 972; x_wconf 87' lang='lat' dir='ltr'>eas</span> <span class='ocrx_word' id='word_1_48' title='bbox 482 909 989 991; x_wconf 80' lang='lat' dir='ltr'>aggrediuntur;</span> <span class='ocrx_word' id='word_1_49' title='bbox 1039 909 1211 973; x_wconf 89' lang='lat' dir='ltr'>hanc</span> <span class='ocrx_word' id='word_1_50' title='bbox 1260 931 1581 977; x_wconf 85' lang='lat' dir='ltr'>summam</span> <span class='ocrx_word' id='word_1_51' title='bbox 1621 930 1764 973; x_wconf 81' lang='lat' dir='ltr'>esse</span> <span class='ocrx_word' id='word_1_52' title='bbox 1808 908 2177 988; x_wconf 77' lang='lat' dir='ltr'><strong>stultitiam,</strong></span> <span class='ocrx_word' id='word_1_53' title='bbox 2219 932 2387 986; x_wconf 88' lang='lat' dir='ltr'>cum,</span> <span class='ocrx_word' id='word_1_54' title='bbox 2424 932 2595 993; x_wconf 88' lang='lat' dir='ltr'>quae</span> <span class='ocrx_word' id='word_1_55' title='bbox 2634 912 2760 993; x_wconf 89' lang='lat' dir='ltr'>ipsi</span> <span class='ocrx_word' id='word_1_56' title='bbox 2797 912 3050 974; x_wconf 87' lang='lat' dir='ltr'>nescia-</span> 
     </span>
    </p>
   </div>
   <div class='ocr_carea' id='block_1_3' title="bbox 328 1015 3049 1205">
    <p class='ocr_par' dir='ltr' id='par_1_3' title="bbox 328 1015 3049 1205">
     <span class='ocr_line' id='line_1_7' title="bbox 328 1015 1382 1099; baseline 0.001 -21"><span class='ocrx_word' id='word_1_57' title='bbox 328 1036 492 1093; x_wconf 86' lang='lat' dir='ltr'>mus,</span> <span class='ocrx_word' id='word_1_58' title='bbox 543 1015 691 1080; x_wconf 86' lang='lat' dir='ltr'>aliis</span> <span class='ocrx_word' id='word_1_59' title='bbox 738 1016 1183 1099; x_wconf 87' lang='lat' dir='ltr'>permittenda</span> <span class='ocrx_word' id='word_1_60' title='bbox 1230 1017 1382 1080; x_wconf 85' lang='lat' dir='ltr'>sint.</span> 
     </span>
     <span class='ocr_line' id='line_1_8' title="bbox 539 1121 3049 1205; baseline 0 -20"><span class='ocrx_word' id='word_1_61' title='bbox 539 1122 846 1204; x_wconf 87' lang='lat' dir='ltr'>Denique</span> <span class='ocrx_word' id='word_1_62' title='bbox 894 1143 1027 1187; x_wconf 89' lang='lat' dir='ltr'>non</span> <span class='ocrx_word' id='word_1_63' title='bbox 1073 1122 1425 1187; x_wconf 79' lang='lat' dir='ltr'>dissimiles</span> <span class='ocrx_word' id='word_1_64' title='bbox 1463 1129 1617 1186; x_wconf 90' lang='lat' dir='ltr'>sunt</span> <span class='ocrx_word' id='word_1_65' title='bbox 1657 1122 2114 1187; x_wconf 86' lang='lat' dir='ltr'>conclusiones</span> <span class='ocrx_word' id='word_1_66' title='bbox 2152 1125 2496 1205; x_wconf 88' lang='lat' dir='ltr'>utriusque</span> <span class='ocrx_word' id='word_1_67' title='bbox 2535 1122 2712 1187; x_wconf 86' lang='lat' dir='ltr'>libri:</span> <span class='ocrx_word' id='word_1_68' title='bbox 2764 1129 2832 1185; x_wconf 90' lang='lat' dir='ltr'>et</span> <span class='ocrx_word' id='word_1_69' title='bbox 2869 1121 3049 1185; x_wconf 88' lang='lat' dir='ltr'>Alci-</span> 
     </span>
    </p>
   </div>
   <div class='ocr_carea' id='block_1_4' title="bbox 324 1227 3051 2385">
    <p class='ocr_par' dir='ltr' id='par_1_4' title="bbox 324 1227 3051 1830">
     <span class='ocr_line' id='line_1_9' title="bbox 324 1227 3050 1312; baseline 0.001 -23"><span class='ocrx_word' id='word_1_70' title='bbox 324 1227 557 1292; x_wconf 88' lang='lat' dir='ltr'>biades</span> <span class='ocrx_word' id='word_1_71' title='bbox 619 1236 685 1293; x_wconf 82' lang='lat' dir='ltr'>et</span> <span class='ocrx_word' id='word_1_72' title='bbox 732 1229 1124 1294; x_wconf 86' lang='lat' dir='ltr'>Charmides</span> <span class='ocrx_word' id='word_1_73' title='bbox 1182 1230 1496 1311; x_wconf 86' lang='lat' dir='ltr'>magistro</span> <span class='ocrx_word' id='word_1_74' title='bbox 1554 1251 1672 1293; x_wconf 83' lang='lat' dir='ltr'>suo</span> <span class='ocrx_word' id='word_1_75' title='bbox 1732 1252 1801 1293; x_wconf 90' lang='lat' dir='ltr'>se</span> <span class='ocrx_word' id='word_1_76' title='bbox 1859 1230 2290 1294; x_wconf 88' lang='lat' dir='ltr'>erudiendum</span> <span class='ocrx_word' id='word_1_77' title='bbox 2347 1229 2465 1293; x_wconf 85' lang='lat' dir='ltr'>dat</span> <span class='ocrx_word' id='word_1_78' title='bbox 2532 1236 2729 1312; x_wconf 85' lang='lat' dir='ltr'>atque</span> <span class='ocrx_word' id='word_1_79' title='bbox 2786 1229 2868 1293; x_wconf 89' lang='lat' dir='ltr'>ab</span> <span class='ocrx_word' id='word_1_80' title='bbox 2926 1229 3050 1293; x_wconf 90' lang='lat' dir='ltr'>hoc</span> 
     </span>
     <span class='ocr_line' id='line_1_10' title="bbox 324 1336 3050 1420; baseline 0 -21"><span class='ocrx_word' id='word_1_81' title='bbox 324 1337 471 1418; x_wconf 91' lang='lat' dir='ltr'>ipso</span> <span class='ocrx_word' id='word_1_82' title='bbox 524 1337 626 1401; x_wconf 90' lang='lat' dir='ltr'>die</span> <span class='ocrx_word' id='word_1_83' title='bbox 678 1359 747 1400; x_wconf 87' lang='lat' dir='ltr'>se</span> <span class='ocrx_word' id='word_1_84' title='bbox 790 1336 1129 1402; x_wconf 81' lang='lat' dir='ltr'>Socratem</span> <span class='ocrx_word' id='word_1_85' title='bbox 1180 1344 1555 1401; x_wconf 83' lang='lat' dir='ltr'>secuturum</span> <span class='ocrx_word' id='word_1_86' title='bbox 1604 1360 1749 1402; x_wconf 82' lang='lat' dir='ltr'>esse</span> <span class='ocrx_word' id='word_1_87' title='bbox 1797 1338 2171 1420; x_wconf 80' lang='lat' dir='ltr'>pollicetur3</span> <span class='ocrx_word' id='word_1_88' title='bbox 2222 1339 2548 1401; x_wconf 89' lang='lat' dir='ltr'>neminem</span> <span class='ocrx_word' id='word_1_89' title='bbox 2595 1358 2872 1419; x_wconf 82' lang='lat' dir='ltr'>usquam</span> <span class='ocrx_word' id='word_1_90' title='bbox 2919 1343 3050 1400; x_wconf 87' lang='lat' dir='ltr'>ter-</span> 
     </span>
     <span class='ocr_line' id='line_1_11' title="bbox 325 1443 3050 1528; baseline 0 -22"><span class='ocrx_word' id='word_1_91' title='bbox 325 1464 547 1507; x_wconf 88' lang='lat' dir='ltr'>rarum</span> <span class='ocrx_word' id='word_1_92' title='bbox 614 1466 649 1508; x_wconf 86' lang='lat' dir='ltr'>a</span> <span class='ocrx_word' id='word_1_93' title='bbox 720 1446 1034 1528; x_wconf 86' lang='lat' dir='ltr'>magistro</span> <span class='ocrx_word' id='word_1_94' title='bbox 1095 1466 1163 1509; x_wconf 88' lang='lat' dir='ltr'>se</span> <span class='ocrx_word' id='word_1_95' title='bbox 1222 1466 1553 1509; x_wconf 85' lang='lat' dir='ltr'>removere</span> <span class='ocrx_word' id='word_1_96' title='bbox 1620 1466 1835 1528; x_wconf 88' lang='lat' dir='ltr'>posse.</span> <span class='ocrx_word' id='word_1_97' title='bbox 1931 1444 2117 1528; x_wconf 74' lang='lat' dir='ltr'>Quae</span> <span class='ocrx_word' id='word_1_98' title='bbox 2184 1446 2528 1522; x_wconf 88' lang='lat' dir='ltr'>sententia,</span> <span class='ocrx_word' id='word_1_99' title='bbox 2584 1466 2729 1508; x_wconf 87' lang='lat' dir='ltr'>cum</span> <span class='ocrx_word' id='word_1_100' title='bbox 2787 1443 3050 1525; x_wconf 82' lang='lat' dir='ltr'>saepius</span> 
     </span>
     <span class='ocr_line' id='line_1_12' title="bbox 324 1552 3050 1635; baseline 0 -23"><span class='ocrx_word' id='word_1_101' title='bbox 324 1560 627 1615; x_wconf 88' lang='lat' dir='ltr'>occurrat</span> <span class='ocrx_word' id='word_1_102' title='bbox 672 1558 869 1635; x_wconf 84' lang='lat' dir='ltr'>atque</span> <span class='ocrx_word' id='word_1_103' title='bbox 918 1552 1117 1615; x_wconf 85' lang='lat' dir='ltr'>etiam</span> <span class='ocrx_word' id='word_1_104' title='bbox 1166 1574 1206 1616; x_wconf 88' lang='lat' dir='ltr'>a</span> <span class='ocrx_word' id='word_1_105' title='bbox 1254 1554 1573 1633; x_wconf 78' lang='lat' dir='ltr'>scriptore</span> <span class='ocrx_word' id='word_1_106' title='bbox 1620 1554 1766 1634; x_wconf 89' lang='lat' dir='ltr'>ipso</span> <span class='ocrx_word' id='word_1_107' title='bbox 1813 1554 2091 1617; x_wconf 87' lang='lat' dir='ltr'>inveniri</span> <span class='ocrx_word' id='word_1_108' title='bbox 2130 1554 2437 1634; x_wconf 86' lang='lat' dir='ltr'>potuerit,</span> <span class='ocrx_word' id='word_1_109' title='bbox 2478 1552 2657 1617; x_wconf 84' lang='lat' dir='ltr'>haud</span> <span class='ocrx_word' id='word_1_110' title='bbox 2696 1552 3050 1615; x_wconf 80' lang='lat' dir='ltr'>dixerimus</span> 
     </span>
     <span class='ocr_line' id='line_1_13' title="bbox 328 1657 3051 1743; baseline -0 -23"><span class='ocrx_word' id='word_1_111' title='bbox 328 1657 815 1723; x_wconf 75' lang='lat' dir='ltr'>conclusionem</span> <span class='ocrx_word' id='word_1_112' title='bbox 854 1658 1225 1724; x_wconf 85' lang='lat' dir='ltr'>Alcibiadis</span> <span class='ocrx_word' id='word_1_113' title='bbox 1276 1660 1524 1743; x_wconf 86' lang='lat' dir='ltr'>dialogi</span> <span class='ocrx_word' id='word_1_114' title='bbox 1571 1682 1653 1723; x_wconf 82' lang='lat' dir='ltr'>ex</span> <span class='ocrx_word' id='word_1_115' title='bbox 1690 1660 2044 1725; x_wconf 82' lang='lat' dir='ltr'>Charmide</span> <span class='ocrx_word' id='word_1_116' title='bbox 2094 1659 2400 1743; x_wconf 88' lang='lat' dir='ltr'>pendere,</span> <span class='ocrx_word' id='word_1_117' title='bbox 2441 1659 2559 1723; x_wconf 88' lang='lat' dir='ltr'>sed</span> <span class='ocrx_word' id='word_1_118' title='bbox 2597 1680 2742 1723; x_wconf 89' lang='lat' dir='ltr'>eam</span> <span class='ocrx_word' id='word_1_119' title='bbox 2781 1664 3051 1741; x_wconf 88' lang='lat' dir='ltr'>propter</span> 
     </span>
     <span class='ocr_line' id='line_1_14' title="bbox 328 1764 1231 1830; baseline 0.004 -4"><span class='ocrx_word' id='word_1_120' title='bbox 328 1764 823 1829; x_wconf 82' lang='lat' dir='ltr'>similitudinem</span> <span class='ocrx_word' id='word_1_121' title='bbox 870 1766 1231 1830; x_wconf 79' lang='lat' dir='ltr'>attulimus,</span> 
     </span>
    </p>

    <p class='ocr_par' dir='ltr' id='par_1_5' title="bbox 324 1871 3048 2385">
     <span class='ocr_line' id='line_1_15' title="bbox 536 1871 3045 1958; baseline 0 -23"><span class='ocrx_word' id='word_1_122' title='bbox 536 1871 793 1952; x_wconf 85' lang='lat' dir='ltr'><strong>Restat,</strong></span> <span class='ocrx_word' id='word_1_123' title='bbox 852 1880 923 1937; x_wconf 89' lang='lat' dir='ltr'>ut</span> <span class='ocrx_word' id='word_1_124' title='bbox 971 1874 1051 1937; x_wconf 89' lang='lat' dir='ltr'>de</span> <span class='ocrx_word' id='word_1_125' title='bbox 1110 1874 1224 1938; x_wconf 92' lang='lat' dir='ltr'>illo</span> <span class='ocrx_word' id='word_1_126' title='bbox 1273 1878 1590 1958; x_wconf 73' lang='grc' dir='ltr'><strong><em>σωφρόνει</em></strong></span> <span class='ocrx_word' id='word_1_127' title='bbox 1649 1876 2079 1958; x_wconf 74' lang='lat' dir='ltr'>‹lispute1nu3,</span> <span class='ocrx_word' id='word_1_128' title='bbox 2131 1875 2308 1958; x_wconf 87' lang='lat' dir='ltr'>quod</span> <span class='ocrx_word' id='word_1_129' title='bbox 2352 1876 2424 1937; x_wconf 90' lang='lat' dir='ltr'>in</span> <span class='ocrx_word' id='word_1_130' title='bbox 2473 1873 2822 1938; x_wconf 85' lang='lat' dir='ltr'>Alcibiade</span> <span class='ocrx_word' id='word_1_131' title='bbox 2871 1872 3045 1936; x_wconf 90' lang='lat' dir='ltr'>idem</span> 
     </span>
     <span class='ocr_line' id='line_1_16' title="bbox 326 1978 3048 2066; baseline 0 -25"><span class='ocrx_word' id='word_1_132' title='bbox 326 2000 467 2042; x_wconf 85' lang='lat' dir='ltr'>esse</span> <span class='ocrx_word' id='word_1_133' title='bbox 508 1979 747 2043; x_wconf 87' lang='lat' dir='ltr'>dicitur</span> <span class='ocrx_word' id='word_1_134' title='bbox 783 2002 888 2045; x_wconf 86' lang='lat' dir='ltr'>ac:</span> <span class='ocrx_word' id='word_1_135' title='bbox 938 1980 1155 2045; x_wconf 75' lang='lat' dir='ltr'>Nosce</span> <span class='ocrx_word' id='word_1_136' title='bbox 1208 1988 1271 2045; x_wconf 84' lang='lat' dir='ltr'>te</span> <span class='ocrx_word' id='word_1_137' title='bbox 1322 1983 1556 2064; x_wconf 88' lang='lat' dir='ltr'>ipsum.</span> <span class='ocrx_word' id='word_1_138' title='bbox 1605 1984 2016 2066; x_wconf 73' lang='grc' dir='ltr'><strong><em>Σωφροσύνη</em></strong></span> <span class='ocrx_word' id='word_1_139' title='bbox 2058 1982 2236 2065; x_wconf 82' lang='lat' dir='ltr'>apud</span> <span class='ocrx_word' id='word_1_140' title='bbox 2273 1982 2621 2046; x_wconf 87' lang='lat' dir='ltr'>Platonem</span> <span class='ocrx_word' id='word_1_141' title='bbox 2659 2001 2795 2044; x_wconf 89' lang='lat' dir='ltr'>non</span> <span class='ocrx_word' id='word_1_142' title='bbox 2835 1978 3048 2042; x_wconf 88' lang='lat' dir='ltr'>solum</span> 
     </span>
     <span class='ocr_line' id='line_1_17' title="bbox 324 2088 3046 2173; baseline -0.001 -23"><span class='ocrx_word' id='word_1_143' title='bbox 324 2089 827 2169; x_wconf 89' lang='lat' dir='ltr'>temperantiam</span> <span class='ocrx_word' id='word_1_144' title='bbox 876 2096 1071 2169; x_wconf 85' lang='lat' dir='ltr'>atque</span> <span class='ocrx_word' id='word_1_145' title='bbox 1123 2090 1599 2154; x_wconf 85' lang='lat' dir='ltr'>continentiam</span> <span class='ocrx_word' id='word_1_146' title='bbox 1646 2088 1990 2173; x_wconf 85' lang='lat' dir='ltr'>significat,</span> <span class='ocrx_word' id='word_1_147' title='bbox 2041 2090 2158 2154; x_wconf 88' lang='lat' dir='ltr'>sed</span> <span class='ocrx_word' id='word_1_148' title='bbox 2206 2091 2405 2153; x_wconf 88' lang='lat' dir='ltr'>etiam</span> <span class='ocrx_word' id='word_1_149' title='bbox 2452 2110 2518 2152; x_wconf 91' lang='lat' dir='ltr'>se</span> <span class='ocrx_word' id='word_1_150' title='bbox 2567 2089 2782 2171; x_wconf 86' lang='lat' dir='ltr'>ipsum</span> <span class='ocrx_word' id='word_1_151' title='bbox 2832 2106 3046 2163; x_wconf 87' lang='lat' dir='ltr'>nosse,</span> 
     </span>
     <span class='ocr_line' id='line_1_18' title="bbox 325 2192 3047 2277; baseline 0 -22"><span class='ocrx_word' id='word_1_152' title='bbox 325 2192 502 2257; x_wconf 77' lang='lat' dir='ltr'>velut</span> <span class='ocrx_word' id='word_1_153' title='bbox 546 2194 615 2256; x_wconf 88' lang='lat' dir='ltr'>in</span> <span class='ocrx_word' id='word_1_154' title='bbox 660 2194 833 2258; x_wconf 90' lang='lat' dir='ltr'>Phil.</span> <span class='ocrx_word' id='word_1_155' title='bbox 872 2194 1022 2260; x_wconf 74' lang='lat'>190</span> <span class='ocrx_word' id='word_1_156' title='bbox 1070 2202 1137 2260; x_wconf 85' lang='lat' dir='ltr'>et</span> <span class='ocrx_word' id='word_1_157' title='bbox 1184 2197 1250 2259; x_wconf 87' lang='lat' dir='ltr'>in</span> <span class='ocrx_word' id='word_1_158' title='bbox 1300 2196 1467 2260; x_wconf 81' lang='lat' dir='ltr'>Tim.</span> <span class='ocrx_word' id='word_1_159' title='bbox 1508 2197 1737 2275; x_wconf 79' lang='lat' dir='ltr'><strong>72A31</strong></span> <span class='ocrx_word' id='word_1_160' title='bbox 1789 2197 2022 2260; x_wconf 87' lang='lat' dir='ltr'>eodem</span> <span class='ocrx_word' id='word_1_161' title='bbox 2069 2196 2264 2260; x_wconf 89' lang='lat' dir='ltr'>modo</span> <span class='ocrx_word' id='word_1_162' title='bbox 2314 2196 2679 2277; x_wconf 81' lang='lat' dir='ltr'>explicatur</span> <span class='ocrx_word' id='word_1_163' title='bbox 2724 2195 2792 2259; x_wconf 92' lang='lat' dir='ltr'>in</span> <span class='ocrx_word' id='word_1_164' title='bbox 2843 2192 3047 2259; x_wconf 86' lang='lat' dir='ltr'>Char-</span> 
     </span>
     <span class='ocr_line' id='line_1_19' title="bbox 324 2299 2348 2385; baseline 0.001 -23"><span class='ocrx_word' id='word_1_165' title='bbox 324 2299 516 2379; x_wconf 88' lang='lat' dir='ltr'>mide,</span> <span class='ocrx_word' id='word_1_166' title='bbox 567 2322 647 2363; x_wconf 83' lang='lat' dir='ltr'>cx</span> <span class='ocrx_word' id='word_1_167' title='bbox 694 2322 823 2382; x_wconf 91' lang='lat' dir='ltr'>quo</span> <span class='ocrx_word' id='word_1_168' title='bbox 878 2300 1248 2365; x_wconf 83' lang='lat' dir='ltr'>Alcibiadis</span> <span class='ocrx_word' id='word_1_169' title='bbox 1297 2302 1511 2367; x_wconf 79' lang='lat' dir='ltr'>locum</span> <span class='ocrx_word' id='word_1_170' title='bbox 1560 2302 1824 2367; x_wconf 81' lang='lat' dir='ltr'>fluxisse</span> <span class='ocrx_word' id='word_1_171' title='bbox 1875 2304 2348 2385; x_wconf 82' lang='lat' dir='ltr'>putaverimus:</span> 
     </span>
    </p>
   </div>
   <div class='ocr_carea' id='block_1_5' title="bbox 312 2458 3044 4213">
    <p class='ocr_par' dir='ltr' id='par_1_6' title="bbox 469 2458 2048 2531">
     <span class='ocr_line' id='line_1_20' title="bbox 469 2458 2048 2531; baseline 0.004 -22"><span class='ocrx_word' id='word_1_172' title='bbox 469 2458 691 2512; x_wconf 66' lang='lat' dir='ltr'>Chai-m.</span> <span class='ocrx_word' id='word_1_173' title='bbox 743 2461 915 2514; x_wconf 86' lang='lat' dir='ltr'>164D</span> <span class='ocrx_word' id='word_1_174' title='bbox 965 2478 1102 2529; x_wconf 79' lang='lat' dir='ltr'>seq.:</span> <span class='ocrx_word' id='word_1_175' title='bbox 1168 2461 1383 2531; x_wconf 77' lang='grc' dir='ltr'><strong><em>σχεδὸν</em></strong></span> <span class='ocrx_word' id='word_1_176' title='bbox 1437 2464 1555 2531; x_wconf 83' lang='grc' dir='ltr'>γάρ</span> <span class='ocrx_word' id='word_1_177' title='bbox 1609 2474 1691 2524; x_wconf 72' lang='lat' dir='ltr'><em>w</em></span> <span class='ocrx_word' id='word_1_178' title='bbox 1861 2462 2048 2515; x_wconf 76' lang='lat' dir='ltr'>Alcib-</span> 
     </span>
    </p>

    <p class='ocr_par' dir='ltr' id='par_1_7' title="bbox 320 2537 1690 2621">
     <span class='ocr_line' id='line_1_21' title="bbox 320 2537 1690 2621; baseline 0.003 -20"><span class='ocrx_word' id='word_1_179' title='bbox 320 2550 522 2617; x_wconf 76' lang='grc' dir='ltr'><em>ἔγωγε</em></span> <span class='ocrx_word' id='word_1_180' title='bbox 569 2550 712 2603; x_wconf 82' lang='grc' dir='ltr'><strong><em>αὐτὸ</em></strong></span> <span class='ocrx_word' id='word_1_181' title='bbox 760 2551 933 2604; x_wconf 85' lang='grc' dir='ltr'><strong><em>τοῦτό</em></strong></span> <span class='ocrx_word' id='word_1_182' title='bbox 972 2568 1117 2619; x_wconf 88' lang='grc' dir='ltr'><strong><em>φημι</em></strong></span> <span class='ocrx_word' id='word_1_183' title='bbox 1157 2549 1307 2605; x_wconf 63' lang='grc' dir='ltr'><strong><em>εἶναι</em></strong></span> <span class='ocrx_word' id='word_1_184' title='bbox 1346 2537 1690 2621; x_wconf 79' lang='grc' dir='ltr'>σωφροσύ·Ι</span> 
     </span>
    </p>

    <p class='ocr_par' dir='ltr' id='par_1_8' title="bbox 318 2627 1690 2709">
     <span class='ocr_line' id='line_1_22' title="bbox 318 2627 1690 2709; baseline 0.002 -18"><span class='ocrx_word' id='word_1_185' title='bbox 318 2655 447 2705; x_wconf 78' lang='grc' dir='ltr'><strong><em>νην,</em></strong></span> <span class='ocrx_word' id='word_1_186' title='bbox 477 2638 545 2691; x_wconf 79' lang='grc' dir='ltr'>τὸ</span> <span class='ocrx_word' id='word_1_187' title='bbox 572 2627 930 2707; x_wconf 73' lang='grc' dir='ltr'><em>γιγνώσκειν</em></span> <span class='ocrx_word' id='word_1_188' title='bbox 966 2640 1199 2705; x_wconf 75' lang='grc' dir='ltr'><strong><em>ἑαυτὸν,</em></strong></span> <span class='ocrx_word' id='word_1_189' title='bbox 1236 2642 1331 2693; x_wconf 74' lang='grc' dir='ltr'>καὶ</span> <span class='ocrx_word' id='word_1_190' title='bbox 1364 2642 1659 2709; x_wconf 66' lang='grc' dir='ltr'><strong><em>ξυμφέρο-</em></strong></span> <span class='ocrx_word' id='word_1_191' title='bbox 1685 2651 1690 2708; x_wconf 68' lang='grc' dir='ltr'>ξ</span> 
     </span>
    </p>

    <p class='ocr_par' dir='ltr' id='par_1_9' title="bbox 314 2728 1689 2797">
     <span class='ocr_line' id='line_1_23' title="bbox 314 2728 1689 2797; baseline 0.003 -18"><span class='ocrx_word' id='word_1_192' title='bbox 314 2744 421 2793; x_wconf 87' lang='grc' dir='ltr'><strong><em>μαι</em></strong></span> <span class='ocrx_word' id='word_1_193' title='bbox 459 2734 539 2795; x_wconf 83' lang='grc' dir='ltr'>τῷ</span> <span class='ocrx_word' id='word_1_194' title='bbox 579 2729 649 2781; x_wconf 82' lang='grc' dir='ltr'>ἐν</span> <span class='ocrx_word' id='word_1_195' title='bbox 686 2728 945 2797; x_wconf 73' lang='grc' dir='ltr'><strong><em>Δελφοῖς</em></strong></span> <span class='ocrx_word' id='word_1_196' title='bbox 982 2730 1263 2783; x_wconf 77' lang='grc' dir='ltr'>ἀναθέντι</span> <span class='ocrx_word' id='word_1_197' title='bbox 1292 2730 1359 2783; x_wconf 81' lang='grc' dir='ltr'>τὸ</span> <span class='ocrx_word' id='word_1_198' title='bbox 1390 2729 1689 2783; x_wconf 76' lang='grc' dir='ltr'><strong><em>τοιοῦτον’</em></strong></span> 
     </span>
    </p>

    <p class='ocr_par' dir='ltr' id='par_1_10' title="bbox 320 2793 1689 2885">
     <span class='ocr_line' id='line_1_24' title="bbox 320 2793 1689 2885; baseline 0.004 -19"><span class='ocrx_word' id='word_1_199' title='bbox 320 2816 577 2883; x_wconf 74' lang='grc' dir='ltr'><strong><em>γράμμα.</em></strong></span> <span class='ocrx_word' id='word_1_200' title='bbox 655 2818 747 2869; x_wconf 74' lang='grc' dir='ltr'>καὶ</span> <span class='ocrx_word' id='word_1_201' title='bbox 793 2818 911 2885; x_wconf 76' lang='grc' dir='ltr'>γὰρ</span> <span class='ocrx_word' id='word_1_202' title='bbox 956 2826 1128 2871; x_wconf 79' lang='grc' dir='ltr'><strong><em>τοῦτο</em></strong></span> <span class='ocrx_word' id='word_1_203' title='bbox 1166 2820 1323 2870; x_wconf 80' lang='grc' dir='ltr'><strong><em>οὕτω</em></strong></span> <span class='ocrx_word' id='word_1_204' title='bbox 1356 2834 1455 2884; x_wconf 88' lang='grc' dir='ltr'><strong><em>μοι</em></strong></span> <span class='ocrx_word' id='word_1_205' title='bbox 1496 2793 1689 2871; x_wconf 63' lang='grc' dir='ltr'><strong><em>δοκεῑῖ</em></strong></span> 
     </span>
    </p>

    <p class='ocr_par' dir='ltr' id='par_1_11' title="bbox 321 2903 1660 2976">
     <span class='ocr_line' id='line_1_25' title="bbox 321 2903 1660 2976; baseline 0.003 -21"><span class='ocrx_word' id='word_1_206' title='bbox 321 2903 391 2957; x_wconf 83' lang='grc' dir='ltr'>τὸ</span> <span class='ocrx_word' id='word_1_207' title='bbox 426 2905 666 2973; x_wconf 79' lang='grc' dir='ltr'><strong><em>γράμμα</em></strong></span> <span class='ocrx_word' id='word_1_208' title='bbox 702 2906 1067 2969; x_wconf 61' lang='grc' dir='ltr'><strong><em>ἀνακεῖσθαι,</em></strong></span> <span class='ocrx_word' id='word_1_209' title='bbox 1104 2907 1193 2973; x_wconf 85' lang='grc' dir='ltr'>ὡς</span> <span class='ocrx_word' id='word_1_210' title='bbox 1228 2905 1299 2972; x_wconf 81' lang='grc' dir='ltr'>ὀὴ</span> <span class='ocrx_word' id='word_1_211' title='bbox 1328 2908 1660 2976; x_wconf 71' lang='grc' dir='ltr'><strong><em>πρόσρησις</em></strong></span> 
     </span>
    </p>

    <p class='ocr_par' dir='ltr' id='par_1_12' title="bbox 321 2990 1687 3074">
     <span class='ocr_line' id='line_1_26' title="bbox 321 2990 1687 3074; baseline 0.001 -28"><span class='ocrx_word' id='word_1_212' title='bbox 321 2990 472 3046; x_wconf 80' lang='grc' dir='ltr'><strong><em>οὖσα</em></strong></span> <span class='ocrx_word' id='word_1_213' title='bbox 518 3002 624 3045; x_wconf 82' lang='grc' dir='ltr'>τοῦ</span> <span class='ocrx_word' id='word_1_214' title='bbox 669 2994 817 3047; x_wconf 84' lang='grc' dir='ltr'><strong><em>θεοῦ</em></strong></span> <span class='ocrx_word' id='word_1_215' title='bbox 863 3002 982 3047; x_wconf 82' lang='grc' dir='ltr'>τῶν</span> <span class='ocrx_word' id='word_1_216' title='bbox 1028 2996 1335 3063; x_wconf 73' lang='grc' dir='ltr'><strong><em>εἰςιόντων</em></strong></span> <span class='ocrx_word' id='word_1_217' title='bbox 1379 2997 1506 3049; x_wconf 83' lang='grc' dir='ltr'><strong><em>ἀντὶ</em></strong></span> <span class='ocrx_word' id='word_1_218' title='bbox 1554 3006 1687 3074; x_wconf 39' lang='grc' dir='ltr'>τοῦς</span> 
     </span>
    </p>

    <p class='ocr_par' dir='ltr' id='par_1_13' title="bbox 312 3084 1658 3154">
     <span class='ocr_line' id='line_1_27' title="bbox 312 3084 1658 3154; baseline 0.003 -19"><span class='ocrx_word' id='word_1_219' title='bbox 312 3090 501 3151; x_wconf 80' lang='grc' dir='ltr'><strong><em>χαῖρε,</em></strong></span> <span class='ocrx_word' id='word_1_220' title='bbox 548 3084 637 3151; x_wconf 86' lang='grc' dir='ltr'>ὡς</span> <span class='ocrx_word' id='word_1_221' title='bbox 680 3085 890 3137; x_wconf 82' lang='grc' dir='ltr'><strong><em>τούτου</em></strong></span> <span class='ocrx_word' id='word_1_222' title='bbox 932 3085 1048 3151; x_wconf 68' lang='grc' dir='ltr'>μὲν</span> <span class='ocrx_word' id='word_1_223' title='bbox 1094 3088 1202 3137; x_wconf 75' lang='grc' dir='ltr'>οὐκ</span> <span class='ocrx_word' id='word_1_224' title='bbox 1248 3086 1436 3153; x_wconf 90' lang='grc' dir='ltr'><strong><em>ὀρθοῦ</em></strong></span> <span class='ocrx_word' id='word_1_225' title='bbox 1480 3088 1658 3154; x_wconf 76' lang='grc' dir='ltr'><strong><em>ὄντος</em></strong></span> 
     </span>
    </p>

    <p class='ocr_par' dir='ltr' id='par_1_14' title="bbox 318 3170 1657 3243">
     <span class='ocr_line' id='line_1_28' title="bbox 318 3170 1657 3243; baseline 0.004 -21"><span class='ocrx_word' id='word_1_226' title='bbox 318 3180 425 3223; x_wconf 82' lang='grc' dir='ltr'>τοῦ</span> <span class='ocrx_word' id='word_1_227' title='bbox 456 3171 879 3241; x_wconf 79' lang='grc' dir='ltr'><strong><em>προςρὴματος</em></strong></span> <span class='ocrx_word' id='word_1_228' title='bbox 911 3170 1011 3241; x_wconf 78' lang='grc' dir='ltr'>[τὸ</span> <span class='ocrx_word' id='word_1_229' title='bbox 1044 3172 1303 3243; x_wconf 69' lang='grc' dir='ltr'><strong><em>χαίρειν]</em></strong></span> <span class='ocrx_word' id='word_1_230' title='bbox 1350 3172 1493 3227; x_wconf 78' lang='grc' dir='ltr'><strong><em>οὐδὲ</em></strong></span> <span class='ocrx_word' id='word_1_231' title='bbox 1530 3172 1657 3227; x_wconf 65' lang='grc' dir='ltr'><strong><em>δεῖν</em></strong></span> 
     </span>
    </p>

    <p class='ocr_par' dir='ltr' id='par_1_15' title="bbox 319 3261 1685 3331">
     <span class='ocr_line' id='line_1_29' title="bbox 319 3261 1685 3331; baseline 0.004 -21"><span class='ocrx_word' id='word_1_232' title='bbox 319 3267 493 3312; x_wconf 79' lang='grc' dir='ltr'><strong><em>τοῦτο</em></strong></span> <span class='ocrx_word' id='word_1_233' title='bbox 556 3261 1075 3329; x_wconf 61' lang='grc' dir='ltr'><strong><em>παρακελεύεσθαι</em></strong></span> <span class='ocrx_word' id='word_1_234' title='bbox 1132 3262 1444 3331; x_wconf 75' lang='grc' dir='ltr'><strong><em>ἀλλήλοις,</em></strong></span> <span class='ocrx_word' id='word_1_235' title='bbox 1500 3264 1655 3315; x_wconf 77' lang='grc' dir='ltr'>ἀλλὰ</span> <span class='ocrx_word' id='word_1_236' title='bbox 1682 3283 1685 3306; x_wconf 78' lang='lat'><strong>¹</strong></span> 
     </span>
    </p>

    <p class='ocr_par' dir='ltr' id='par_1_16' title="bbox 317 3341 1687 3420">
     <span class='ocr_line' id='line_1_30' title="bbox 317 3341 1687 3420; baseline 0.005 -22"><span class='ocrx_word' id='word_1_237' title='bbox 317 3357 676 3417; x_wconf 64' lang='grc' dir='ltr'><strong><em>σωφρονεῖν.</em></strong></span> <span class='ocrx_word' id='word_1_238' title='bbox 726 3352 881 3402; x_wconf 79' lang='grc' dir='ltr'><strong><em>οὓτω</em></strong></span> <span class='ocrx_word' id='word_1_239' title='bbox 923 3352 1040 3418; x_wconf 72' lang='grc' dir='ltr'>μὲν</span> <span class='ocrx_word' id='word_1_240' title='bbox 1087 3350 1158 3418; x_wconf 85' lang='grc' dir='ltr'>ὀὴ</span> <span class='ocrx_word' id='word_1_241' title='bbox 1207 3352 1241 3403; x_wconf 90' lang='grc' dir='ltr'>ὁ</span> <span class='ocrx_word' id='word_1_242' title='bbox 1290 3352 1437 3419; x_wconf 63' lang='grc' dir='ltr'><strong><em>θεὸς</em></strong></span> <span class='ocrx_word' id='word_1_243' title='bbox 1473 3341 1687 3420; x_wconf 73' lang='grc' dir='ltr'><strong><em>προς-’</em></strong></span> 
     </span>
    </p>

    <p class='ocr_par' dir='ltr' id='par_1_17' title="bbox 317 3438 1652 3509">
     <span class='ocr_line' id='line_1_31' title="bbox 317 3438 1652 3509; baseline 0.005 -22"><span class='ocrx_word' id='word_1_244' title='bbox 317 3439 595 3504; x_wconf 70' lang='grc' dir='ltr'><strong><em>αγορεύει</em></strong></span> <span class='ocrx_word' id='word_1_245' title='bbox 625 3438 765 3505; x_wconf 82' lang='grc' dir='ltr'><strong><em>τοὺς</em></strong></span> <span class='ocrx_word' id='word_1_246' title='bbox 791 3438 1089 3507; x_wconf 79' lang='grc' dir='ltr'><strong><em>εἰσιόντας</em></strong></span> <span class='ocrx_word' id='word_1_247' title='bbox 1115 3443 1205 3507; x_wconf 62' lang='grc' dir='ltr'>εἰς</span> <span class='ocrx_word' id='word_1_248' title='bbox 1235 3440 1300 3492; x_wconf 81' lang='grc' dir='ltr'>τὸ</span> <span class='ocrx_word' id='word_1_249' title='bbox 1329 3442 1511 3509; x_wconf 77' lang='grc' dir='ltr'><strong><em>ἱερὸν,</em></strong></span> <span class='ocrx_word' id='word_1_250' title='bbox 1533 3439 1652 3494; x_wconf 88' lang='grc' dir='ltr'><strong><em>ὸια-</em></strong></span> 
     </span>
    </p>

    <p class='ocr_par' dir='ltr' id='par_1_18' title="bbox 312 3525 3044 4133">
     <span class='ocr_line' id='line_1_32' title="bbox 316 3525 3042 3605; baseline 0.003 -28"><span class='ocrx_word' id='word_1_251' title='bbox 316 3525 511 3593; x_wconf 83' lang='grc' dir='ltr'><em>φέρον</em></span> <span class='ocrx_word' id='word_1_252' title='bbox 537 3542 587 3578; x_wconf 80' lang='grc' dir='ltr'><strong><em>τι</em></strong></span> <span class='ocrx_word' id='word_1_253' title='bbox 620 3526 729 3593; x_wconf 78' lang='grc' dir='ltr'><strong><em>ἣοὶ</em></strong></span> <span class='ocrx_word' id='word_1_254' title='bbox 754 3528 1083 3593; x_wconf 80' lang='grc' dir='ltr'><strong><em>ἄνθρωποι,</em></strong></span> <span class='ocrx_word' id='word_1_255' title='bbox 1112 3529 1199 3596; x_wconf 83' lang='grc' dir='ltr'>ὡς</span> <span class='ocrx_word' id='word_1_256' title='bbox 1228 3527 1685 3605; x_wconf 54' lang='grc' dir='ltr'>(διανοούμενοςι,Ι</span> <span class='ocrx_word' id='word_1_257' title='bbox 1859 3530 2050 3583; x_wconf 74' lang='lat' dir='ltr'>129A:</span> <span class='ocrx_word' id='word_1_258' title='bbox 2094 3571 2106 3583; x_wconf 92' lang='lat'><strong>.</strong></span> <span class='ocrx_word' id='word_1_259' title='bbox 2140 3571 2151 3583; x_wconf 94' lang='lat'><strong>.</strong></span> <span class='ocrx_word' id='word_1_260' title='bbox 2182 3533 2278 3583; x_wconf 82' lang='grc' dir='ltr'><strong><em>και·</em></strong></span> <span class='ocrx_word' id='word_1_261' title='bbox 2314 3546 2400 3599; x_wconf 85' lang='grc' dir='ltr'><strong><em>τις</em></strong></span> <span class='ocrx_word' id='word_1_262' title='bbox 2439 3528 2510 3599; x_wconf 79' lang='grc' dir='ltr'>ἢν</span> <span class='ocrx_word' id='word_1_263' title='bbox 2538 3532 2775 3600; x_wconf 78' lang='grc' dir='ltr'><strong><em>φαῦλος</em></strong></span> <span class='ocrx_word' id='word_1_264' title='bbox 2813 3532 2846 3585; x_wconf 92' lang='grc' dir='ltr'>ὁ</span> <span class='ocrx_word' id='word_1_265' title='bbox 2886 3530 3042 3584; x_wconf 80' lang='grc' dir='ltr'><strong><em>τοῦτ’</em></strong></span> 
     </span>
     <span class='ocr_line' id='line_1_33' title="bbox 316 3614 3043 3687; baseline 0.002 -22"><span class='ocrx_word' id='word_1_266' title='bbox 316 3614 612 3682; x_wconf 65' lang='grc' dir='ltr'><strong><em>ἀνέθηκεν</em></strong></span> <span class='ocrx_word' id='word_1_267' title='bbox 650 3615 685 3667; x_wconf 83' lang='grc' dir='ltr'>ὁ</span> <span class='ocrx_word' id='word_1_268' title='bbox 723 3617 1040 3684; x_wconf 70' lang='grc' dir='ltr'><strong><em>ἀναθείς,</em></strong></span> <span class='ocrx_word' id='word_1_269' title='bbox 1078 3618 1167 3685; x_wconf 84' lang='grc' dir='ltr'>ὣς</span> <span class='ocrx_word' id='word_1_270' title='bbox 1197 3634 1299 3684; x_wconf 91' lang='grc' dir='ltr'><strong><em>μοι</em></strong></span> <span class='ocrx_word' id='word_1_271' title='bbox 1330 3616 1519 3671; x_wconf 69' lang='grc' dir='ltr'><strong><em>δοκεῖ·</em></strong></span> <span class='ocrx_word' id='word_1_272' title='bbox 1561 3621 1652 3672; x_wconf 73' lang='grc' dir='ltr'><strong><em>και·</em></strong></span> <span class='ocrx_word' id='word_1_273' title='bbox 1710 3620 2014 3687; x_wconf 63' lang='grc' dir='ltr'><strong><em>ἀναθεὶς</em></strong></span> <span class='ocrx_word' id='word_1_274' title='bbox 2049 3622 2140 3687; x_wconf 67' lang='grc' dir='ltr'>εἰς</span> <span class='ocrx_word' id='word_1_275' title='bbox 2167 3619 2272 3672; x_wconf 77' lang='grc' dir='ltr'>τὸν</span> <span class='ocrx_word' id='word_1_276' title='bbox 2304 3619 2491 3673; x_wconf 82' lang='grc' dir='ltr'><strong><em>Πυθοῖ</em></strong></span> <span class='ocrx_word' id='word_1_277' title='bbox 2515 3621 2708 3673; x_wconf 82' lang='grc' dir='ltr'><strong><em>νεών.</em></strong></span> <span class='ocrx_word' id='word_1_278' title='bbox 2732 3660 2744 3673; x_wconf 89' lang='grc'><strong>.</strong></span> <span class='ocrx_word' id='word_1_279' title='bbox 2768 3661 2780 3673; x_wconf 92' lang='grc'><strong>.</strong></span> <span class='ocrx_word' id='word_1_280' title='bbox 2803 3661 2815 3672; x_wconf 96' lang='grc'><strong>.</strong></span> <span class='ocrx_word' id='word_1_281' title='bbox 2858 3619 3043 3673; x_wconf 74' lang='grc'><strong>133(“;</strong></span> 
     </span>
     <span class='ocr_line' id='line_1_34' title="bbox 314 3702 3044 3777; baseline 0.002 -22"><span class='ocrx_word' id='word_1_282' title='bbox 314 3702 483 3771; x_wconf 78' lang='grc' dir='ltr'><strong><em>λέγει</em></strong></span> <span class='ocrx_word' id='word_1_283' title='bbox 528 3704 688 3773; x_wconf 85' lang='grc' dir='ltr'><strong><em>πρὸς</em></strong></span> <span class='ocrx_word' id='word_1_284' title='bbox 732 3704 837 3757; x_wconf 85' lang='grc' dir='ltr'>τὸν</span> <span class='ocrx_word' id='word_1_285' title='bbox 884 3706 975 3758; x_wconf 63' lang='grc' dir='ltr'>ἀεὶ</span> <span class='ocrx_word' id='word_1_286' title='bbox 1023 3707 1300 3770; x_wconf 62' lang='grc' dir='ltr'><strong><em>εἰσιόντα,</em></strong></span> <span class='ocrx_word' id='word_1_287' title='bbox 1348 3710 1455 3761; x_wconf 78' lang='grc' dir='ltr'>οὐκ</span> <span class='ocrx_word' id='word_1_288' title='bbox 1501 3709 1653 3761; x_wconf 75' lang='grc' dir='ltr'>ἄλλο</span> <span class='ocrx_word' id='word_1_289' title='bbox 1717 3708 1802 3761; x_wconf 86' lang='grc' dir='ltr'>Τὸ</span> <span class='ocrx_word' id='word_1_290' title='bbox 1833 3706 1912 3761; x_wconf 57' lang='lat' dir='ltr'>bs*</span> <span class='ocrx_word' id='word_1_291' title='bbox 1939 3708 2377 3777; x_wconf 70' lang='grc' dir='ltr'><strong><em>γιγνώσκειν</em></strong></span> <span class='ocrx_word' id='word_1_292' title='bbox 2406 3708 2586 3761; x_wconf 83' lang='grc' dir='ltr'><strong><em>αὑτὸν</em></strong></span> <span class='ocrx_word' id='word_1_293' title='bbox 2613 3710 3044 3777; x_wconf 68' lang='grc' dir='ltr'><strong><em>ὡμολογοῦμεν</em></strong></span> 
     </span>
     <span class='ocr_line' id='line_1_35' title="bbox 314 3793 3044 3866; baseline 0.002 -24"><span class='ocrx_word' id='word_1_294' title='bbox 314 3808 367 3844; x_wconf 83' lang='grc' dir='ltr'><strong><em>τι</em></strong></span> <span class='ocrx_word' id='word_1_295' title='bbox 397 3793 429 3859; x_wconf 85' lang='grc' dir='ltr'><strong><em>ἢ</em></strong></span> <span class='ocrx_word' id='word_1_296' title='bbox 460 3793 783 3861; x_wconf 56' lang='grc' dir='ltr'><strong><em>σωφρόνει,</em></strong></span> <span class='ocrx_word' id='word_1_297' title='bbox 811 3796 1007 3861; x_wconf 71' lang='grc' dir='ltr'><strong><em>φησίν.</em></strong></span> <span class='ocrx_word' id='word_1_298' title='bbox 1039 3794 1651 3865; x_wconf 62' lang='grc' dir='ltr'><strong><em>αἰνιγματωὸἐστρρον</em></strong></span> <span class='ocrx_word' id='word_1_299' title='bbox 1710 3800 2188 3865; x_wconf 81' lang='grc' dir='ltr'><strong><em>σωφροσύνην</em></strong></span> <span class='ocrx_word' id='word_1_300' title='bbox 2243 3794 2422 3864; x_wconf 51' lang='lat' dir='ltr'>cluam</span> <span class='ocrx_word' id='word_1_301' title='bbox 2489 3798 2653 3851; x_wconf 85' lang='grc' dir='ltr'><strong><em>Πάνυ</em></strong></span> <span class='ocrx_word' id='word_1_302' title='bbox 2698 3814 2787 3866; x_wconf 80' lang='grc' dir='ltr'>γε.</span> <span class='ocrx_word' id='word_1_303' title='bbox 2867 3798 2968 3850; x_wconf 87' lang='lat'>124</span> <span class='ocrx_word' id='word_1_304' title='bbox 2991 3798 3044 3847; x_wconf 70' lang='lat' dir='ltr'>A</span> 
     </span>
     <span class='ocr_line' id='line_1_36' title="bbox 315 3878 3044 3955; baseline 0.002 -24"><span class='ocrx_word' id='word_1_305' title='bbox 315 3878 388 3932; x_wconf 73' lang='grc' dir='ltr'><em>ὸὲ</em></span> <span class='ocrx_word' id='word_1_306' title='bbox 425 3879 515 3948; x_wconf 82' lang='grc' dir='ltr'>ὁὴ,</span> <span class='ocrx_word' id='word_1_307' title='bbox 552 3882 642 3949; x_wconf 85' lang='grc' dir='ltr'>ὡς</span> <span class='ocrx_word' id='word_1_308' title='bbox 672 3883 900 3951; x_wconf 77' lang='grc' dir='ltr'><strong><em>μάντις,</em></strong></span> <span class='ocrx_word' id='word_1_309' title='bbox 939 3884 1120 3951; x_wconf 63' lang='grc' dir='ltr'><strong><em>λέγει.</em></strong></span> <span class='ocrx_word' id='word_1_310' title='bbox 1162 3884 1228 3936; x_wconf 75' lang='grc' dir='ltr'>τὸ</span> <span class='ocrx_word' id='word_1_311' title='bbox 1266 3886 1383 3953; x_wconf 79' lang='grc' dir='ltr'>γὰρ</span> <span class='ocrx_word' id='word_1_312' title='bbox 1423 3886 1846 3954; x_wconf 48' lang='lat' dir='ltr'>1‘v621911seqa</span> <span class='ocrx_word' id='word_1_313' title='bbox 1903 3887 2269 3954; x_wconf 62' lang='grc' dir='ltr'><strong><em>πειθόμενος</em></strong></span> <span class='ocrx_word' id='word_1_314' title='bbox 2323 3888 2483 3953; x_wconf 80' lang='grc' dir='ltr'><strong><em>ἐμοί</em></strong></span> <span class='ocrx_word' id='word_1_315' title='bbox 2536 3903 2609 3939; x_wconf 68' lang='grc' dir='ltr'>τε</span> <span class='ocrx_word' id='word_1_316' title='bbox 2667 3887 2777 3939; x_wconf 81' lang='grc' dir='ltr'>καὶ</span> <span class='ocrx_word' id='word_1_317' title='bbox 2834 3894 2924 3955; x_wconf 75' lang='grc' dir='ltr'>τῷ</span> <span class='ocrx_word' id='word_1_318' title='bbox 2975 3888 3044 3939; x_wconf 81' lang='grc' dir='ltr'>ἐν</span> 
     </span>
     <span class='ocr_line' id='line_1_37' title="bbox 314 3950 2888 4043; baseline 0.002 -22"><span class='ocrx_word' id='word_1_319' title='bbox 314 3970 580 4023; x_wconf 83' lang='grc' dir='ltr'><strong><em>σαυτόν</em></strong></span> <span class='ocrx_word' id='word_1_320' title='bbox 628 3971 722 4023; x_wconf 82' lang='grc' dir='ltr'>καὶ</span> <span class='ocrx_word' id='word_1_321' title='bbox 773 3970 838 4023; x_wconf 73' lang='grc' dir='ltr'>τὸ</span> <span class='ocrx_word' id='word_1_322' title='bbox 888 3971 1275 4039; x_wconf 68' lang='grc' dir='ltr'><strong><em>Σωφρόνεί,</em></strong></span> <span class='ocrx_word' id='word_1_323' title='bbox 1334 3975 1495 4027; x_wconf 76' lang='grc' dir='ltr'><strong><em>ἔστιν</em></strong></span> <span class='ocrx_word' id='word_1_324' title='bbox 1536 3950 1968 4043; x_wconf 41' lang='lat' dir='ltr'>palaemon„-</span> <span class='ocrx_word' id='word_1_325' title='bbox 2005 3976 2381 4043; x_wconf 78' lang='grc' dir='ltr'><strong><em>γράμματι,</em></strong></span> <span class='ocrx_word' id='word_1_326' title='bbox 2423 3976 2614 4029; x_wconf 77' lang='grc' dir='ltr'><strong><em>Γνῶθι</em></strong></span> <span class='ocrx_word' id='word_1_327' title='bbox 2654 3976 2888 4029; x_wconf 76' lang='grc' dir='ltr'><strong><em>σαυτόν.</em></strong></span> 
     </span>
     <span class='ocr_line' id='line_1_38' title="bbox 312 4058 1681 4133; baseline 0.007 -25"><span class='ocrx_word' id='word_1_328' title='bbox 312 4058 547 4123; x_wconf 76' lang='grc' dir='ltr'><strong><em>ταύτόν,</em></strong></span> <span class='ocrx_word' id='word_1_329' title='bbox 602 4058 691 4126; x_wconf 83' lang='grc' dir='ltr'>ὡς</span> <span class='ocrx_word' id='word_1_330' title='bbox 746 4060 823 4111; x_wconf 77' lang='grc' dir='ltr'>τὰ</span> <span class='ocrx_word' id='word_1_331' title='bbox 878 4061 1255 4127; x_wconf 73' lang='grc' dir='ltr'><strong><em>γράμματά</em></strong></span> <span class='ocrx_word' id='word_1_332' title='bbox 1302 4074 1482 4130; x_wconf 83' lang='grc' dir='ltr'><strong><em>φησιν</em></strong></span> <span class='ocrx_word' id='word_1_333' title='bbox 1538 4065 1681 4133; x_wconf 72' lang='grc' dir='ltr'>καὶς</span> 
     </span>
    </p>

    <p class='ocr_par' dir='ltr' id='par_1_19' title="bbox 313 4141 1681 4213">
     <span class='ocr_line' id='line_1_39' title="bbox 313 4141 1681 4213; baseline 0.002 -14"><span class='ocrx_word' id='word_1_334' title='bbox 313 4146 477 4213; x_wconf 81' lang='grc' dir='ltr'>ἐγώ.</span> <span class='ocrx_word' id='word_1_335' title='bbox 1678 4141 1681 4151; x_wconf 83' lang='lat'>&#39;</span> 
     </span>
    </p>
   </div>
   <div class='ocr_carea' id='block_1_6' title="bbox 312 4256 518 4263">
    <p class='ocr_par' dir='ltr' id='par_1_20' title="bbox 312 4256 518 4263">
     <span class='ocr_line' id='line_1_40' title="bbox 312 4256 518 4263; baseline 0 846"><span class='ocrx_word' id='word_1_336' title='bbox 312 4256 518 4263; x_wconf 95' lang='lat' dir='ltr'> </span> 
     </span>
    </p>
   </div>
   <div class='ocr_carea' id='block_1_7' title="bbox 311 4322 3040 4837">
    <p class='ocr_par' dir='ltr' id='par_1_21' title="bbox 311 4322 3040 4837">
     <span class='ocr_line' id='line_1_41' title="bbox 532 4322 3039 4397; baseline 0.002 -22"><span class='ocrx_word' id='word_1_337' title='bbox 532 4322 549 4357; x_wconf 84' lang='lat'>²</span> <span class='ocrx_word' id='word_1_338' title='bbox 588 4324 707 4375; x_wconf 70' lang='lat' dir='ltr'>Hos</span> <span class='ocrx_word' id='word_1_339' title='bbox 747 4326 897 4377; x_wconf 74' lang='lat' dir='ltr'>locos</span> <span class='ocrx_word' id='word_1_340' title='bbox 935 4327 1103 4378; x_wconf 66' lang='lat' dir='ltr'>etiam</span> <span class='ocrx_word' id='word_1_341' title='bbox 1146 4328 1335 4379; x_wconf 67' lang='lat' dir='ltr'>Astius</span> <span class='ocrx_word' id='word_1_342' title='bbox 1376 4330 1431 4380; x_wconf 88' lang='lat' dir='ltr'>in</span> <span class='ocrx_word' id='word_1_343' title='bbox 1472 4329 1651 4381; x_wconf 65' lang='lat' dir='ltr'>lexico</span> <span class='ocrx_word' id='word_1_344' title='bbox 1690 4348 1788 4382; x_wconf 77' lang='lat' dir='ltr'>suo</span> <span class='ocrx_word' id='word_1_345' title='bbox 1829 4330 2073 4395; x_wconf 66' lang='lat' dir='ltr'>11‹·‹„rl‹›xit</span> <span class='ocrx_word' id='word_1_346' title='bbox 2118 4334 2192 4395; x_wconf 82' lang='lat' dir='ltr'>ct,</span> <span class='ocrx_word' id='word_1_347' title='bbox 2232 4350 2356 4383; x_wconf 79' lang='lat' dir='ltr'>rum</span> <span class='ocrx_word' id='word_1_348' title='bbox 2398 4328 2752 4382; x_wconf 72' lang='lat' dir='ltr'>Charmidem</span> <span class='ocrx_word' id='word_1_349' title='bbox 2791 4330 3039 4397; x_wconf 83' lang='lat' dir='ltr'>spurium</span> 
     </span>
     <span class='ocr_line' id='line_1_42' title="bbox 312 4417 3039 4487; baseline 0.003 -26"><span class='ocrx_word' id='word_1_350' title='bbox 312 4430 427 4465; x_wconf 68' lang='lat' dir='ltr'>esse</span> <span class='ocrx_word' id='word_1_351' title='bbox 467 4419 707 4481; x_wconf 75' lang='lat' dir='ltr'>censeat,</span> <span class='ocrx_word' id='word_1_352' title='bbox 749 4418 1146 4485; x_wconf 87' lang='grc' dir='ltr'><strong><em>σωφροσύνην</em></strong></span> <span class='ocrx_word' id='word_1_353' title='bbox 1184 4418 1260 4467; x_wconf 75' lang='lat' dir='ltr'>si&lt;-</span> <span class='ocrx_word' id='word_1_354' title='bbox 1302 4417 1569 4484; x_wconf 75' lang='lat' dir='ltr'>explicari</span> <span class='ocrx_word' id='word_1_355' title='bbox 1612 4436 1642 4469; x_wconf 86' lang='lat' dir='ltr'>a</span> <span class='ocrx_word' id='word_1_356' title='bbox 1682 4417 1920 4470; x_wconf 69' lang='lat' dir='ltr'>Platone</span> <span class='ocrx_word' id='word_1_357' title='bbox 1960 4419 2202 4471; x_wconf 83' lang='lat' dir='ltr'>alienum</span> <span class='ocrx_word' id='word_1_358' title='bbox 2243 4438 2352 4471; x_wconf 75' lang='lat' dir='ltr'>csso</span> <span class='ocrx_word' id='word_1_359' title='bbox 2392 4423 2572 4487; x_wconf 84' lang='lat' dir='ltr'>putat.</span> <span class='ocrx_word' id='word_1_360' title='bbox 2648 4418 2907 4471; x_wconf 74' lang='lat' dir='ltr'>Ceterum</span> <span class='ocrx_word' id='word_1_361' title='bbox 2951 4420 3039 4469; x_wconf 72' lang='lat' dir='ltr'>vel</span> 
     </span>
     <span class='ocr_line' id='line_1_43' title="bbox 314 4501 3038 4575; baseline 0.003 -22"><span class='ocrx_word' id='word_1_362' title='bbox 314 4501 619 4555; x_wconf 75' lang='lat' dir='ltr'>Schanzius</span> <span class='ocrx_word' id='word_1_363' title='bbox 646 4510 699 4555; x_wconf 77' lang='lat' dir='ltr'>et</span> <span class='ocrx_word' id='word_1_364' title='bbox 735 4502 1281 4557; x_wconf 69' lang='lat' dir='ltr'>Schaarschmidtius</span> <span class='ocrx_word' id='word_1_365' title='bbox 1310 4506 1665 4559; x_wconf 60' lang='lat' dir='ltr'>Charmidem</span> <span class='ocrx_word' id='word_1_366' title='bbox 1698 4526 1731 4559; x_wconf 83' lang='lat' dir='ltr'>a</span> <span class='ocrx_word' id='word_1_367' title='bbox 1761 4506 1998 4559; x_wconf 71' lang='lat' dir='ltr'>Platone</span> <span class='ocrx_word' id='word_1_368' title='bbox 2037 4508 2352 4575; x_wconf 71' lang='lat' dir='ltr'>profectum</span> <span class='ocrx_word' id='word_1_369' title='bbox 2382 4526 2492 4560; x_wconf 78' lang='lat' dir='ltr'>esse</span> <span class='ocrx_word' id='word_1_370' title='bbox 2522 4512 2747 4573; x_wconf 66' lang='lat' dir='ltr'>negant.</span> <span class='ocrx_word' id='word_1_371' title='bbox 2789 4506 3038 4574; x_wconf 77' lang='lat' dir='ltr'>Quorum</span> 
     </span>
     <span class='ocr_line' id='line_1_44' title="bbox 312 4592 3038 4665; baseline 0.003 -25"><span class='ocrx_word' id='word_1_372' title='bbox 312 4597 645 4659; x_wconf 74' lang='lat' dir='ltr'>argumenta</span> <span class='ocrx_word' id='word_1_373' title='bbox 682 4592 773 4644; x_wconf 70' lang='lat' dir='ltr'>hic</span> <span class='ocrx_word' id='word_1_374' title='bbox 817 4598 1120 4646; x_wconf 63' lang='lat' dir='ltr'>retractare</span> <span class='ocrx_word' id='word_1_375' title='bbox 1160 4596 1431 4659; x_wconf 57' lang='lat' dir='ltr'>uolumine,</span> <span class='ocrx_word' id='word_1_376' title='bbox 1470 4596 1563 4647; x_wconf 81' lang='lat' dir='ltr'>scd</span> <span class='ocrx_word' id='word_1_377' title='bbox 1604 4596 1710 4647; x_wconf 86' lang='lat' dir='ltr'>hoc</span> <span class='ocrx_word' id='word_1_378' title='bbox 1750 4600 1972 4649; x_wconf 81' lang='lat' dir='ltr'>tantum</span> <span class='ocrx_word' id='word_1_379' title='bbox 2003 4596 2240 4649; x_wconf 78' lang='lat' dir='ltr'>dicimus</span> <span class='ocrx_word' id='word_1_380' title='bbox 2270 4598 2626 4649; x_wconf 75' lang='lat' dir='ltr'>Charmidem</span> <span class='ocrx_word' id='word_1_381' title='bbox 2656 4597 2818 4649; x_wconf 83' lang='lat' dir='ltr'>nobis</span> <span class='ocrx_word' id='word_1_382' title='bbox 2847 4598 3038 4665; x_wconf 84' lang='lat' dir='ltr'>genui·</span> 
     </span>
     <span class='ocr_line' id='line_1_45' title="bbox 312 4677 3040 4753; baseline 0.003 -24"><span class='ocrx_word' id='word_1_383' title='bbox 312 4695 445 4729; x_wconf 82' lang='lat' dir='ltr'>num</span> <span class='ocrx_word' id='word_1_384' title='bbox 484 4677 739 4732; x_wconf 73' lang='lat' dir='ltr'>Platonis</span> <span class='ocrx_word' id='word_1_385' title='bbox 786 4682 991 4734; x_wconf 87' lang='lat' dir='ltr'>librum</span> <span class='ocrx_word' id='word_1_386' title='bbox 1034 4682 1227 4734; x_wconf 82' lang='lat' dir='ltr'>videri.</span> <span class='ocrx_word' id='word_1_387' title='bbox 1302 4683 1495 4751; x_wconf 78' lang='lat' dir='ltr'>Neque</span> <span class='ocrx_word' id='word_1_388' title='bbox 1543 4690 1623 4735; x_wconf 73' lang='lat' dir='ltr'>cst</span> <span class='ocrx_word' id='word_1_389' title='bbox 1676 4685 1972 4737; x_wconf 66' lang='lat' dir='ltr'>verisimile</span> <span class='ocrx_word' id='word_1_390' title='bbox 2021 4687 2348 4753; x_wconf 67' lang='lat' dir='ltr'>scriptorem</span> <span class='ocrx_word' id='word_1_391' title='bbox 2388 4686 2704 4753; x_wconf 74' lang='lat' dir='ltr'>Charmide,</span> <span class='ocrx_word' id='word_1_392' title='bbox 2743 4688 2786 4737; x_wconf 81' lang='lat' dir='ltr'>si</span> <span class='ocrx_word' id='word_1_393' title='bbox 2825 4686 3040 4753; x_wconf 78' lang='lat' dir='ltr'>spurius</span> 
     </span>
     <span class='ocr_line' id='line_1_46' title="bbox 311 4768 1522 4837; baseline 0.005 -20"><span class='ocrx_word' id='word_1_394' title='bbox 311 4770 469 4831; x_wconf 68' lang='lat' dir='ltr'>esset,</span> <span class='ocrx_word' id='word_1_395' title='bbox 510 4768 665 4821; x_wconf 82' lang='lat' dir='ltr'>fonte</span> <span class='ocrx_word' id='word_1_396' title='bbox 705 4770 915 4837; x_wconf 69' lang='lat' dir='ltr'>dialogi</span> <span class='ocrx_word' id='word_1_397' title='bbox 956 4772 1037 4822; x_wconf 71' lang='lat' dir='ltr'>sui</span> <span class='ocrx_word' id='word_1_398' title='bbox 1078 4789 1300 4823; x_wconf 74' lang='lat' dir='ltr'>usurum</span> <span class='ocrx_word' id='word_1_399' title='bbox 1342 4772 1522 4825; x_wconf 75' lang='lat' dir='ltr'>fuisse.</span> 
     </span>
    </p>
   </div>
  </div>
 </body>
</html>
