3567 5109
1672 251 2159 315 —138--

552 460 922 526 Buecheler
976 461 1245 546 quidem
1300 465 1522 528 vinum
1576 462 1874 546 intellegi
1929 463 2086 542 vult,
2149 485 2321 548 „quo
2377 463 2550 529 lacte
2607 472 2902 530 materno
2961 463 3330 548 depulsus·

548 567 769 634 infans
816 569 993 652 apud
1035 568 1327 634 Thraces
1372 569 1661 634 imbutus
1709 570 1857 649 sit“‚
1906 569 2204 635 Ribbeck
2245 571 2500 654 „ipsum
2544 569 2738 635 lactis
2783 571 3288 648 nutrimentum,

551 674 735 757 quod
762 674 832 740 in
858 677 1093 741 matris
1120 677 1327 740 vicem
1362 675 1582 741 Iliona
1618 675 1808 741 fratri
1843 675 2085 760 pusillo
2117 699 2238 742 sua
2269 676 2522 742 scilicet
2557 699 2840 743 mamma
2867 677 3277 761 praebebat“

551 779 823 862 (Coroll.
872 805 932 866 p.
970 781 1266 864 XLIII).
1349 783 1717 867 Utrumque
1766 782 2142 848 claudicare
2187 783 2348 848 mihi
2395 783 2672 863 videtur,
2721 783 2907 862 illud,
2957 783 3138 866 quod
3183 784 3286 849 ita

548 890 879 954 sententia
912 894 1117 955 totius
1155 891 1495 969 enuntiati,
1536 896 1607 955 at
1641 911 1776 955 non
1811 890 1908 954 vis
1949 890 2250 956 attributi
2295 893 2629 976 repotiah's
2675 889 3075 971 illustratum
3125 891 3279 969 hoc,

553 994 732 1078 quod
770 995 1073 1074 Ilionam,
1108 996 1264 1062 licet
1298 995 1611 1061 Liberum
1650 1003 1722 1061 ut
1758 995 1950 1062 lactis
1990 1003 2324 1062 auctorem
2359 997 2806 1062 introductum
2843 1019 2987 1062 esse
3026 1003 3280 1062 statua-

549 1121 717 1181 mus,
763 1104 1167 1186 repotiarum
1206 1102 1312 1168 die
1353 1103 1435 1168 ab
1474 1101 1757 1168 Hecuba
1803 1102 2205 1187 Polydorum
2251 1103 2426 1169 lacte
2471 1102 2892 1168 nutriendum
2940 1105 3282 1188 accepisse

551 1209 833 1292 cogitari
860 1231 995 1275 non
1022 1217 1257 1294 potest.
1299 1209 1587 1276 Obstant
1618 1230 1929 1293 expressa
1955 1211 2156 1276 verba
2185 1209 2411 1296 fragm.
2430 1209 2643 1275 XLII
2663 1215 2770 1293 (ex
2796 1211 2920 1277 inc.
2939 1211 3065 1276 inc.
3085 1210 3282 1293 fab.):

784 1353 931 1430 Qua
977 1359 1343 1439 tempestate
1388 1353 1707 1419 Helenam
1754 1353 1951 1420 Paris
1995 1356 2304 1440 innuptis
2353 1355 2580 1419 iunxit
2621 1355 2897 1439 nuptiis,

774 1460 914 1544 Eyo
962 1467 1103 1525 tum
1141 1461 1417 1545 yram‘da
1462 1461 1727 1545 expletis
1772 1462 1912 1526 iam
1954 1461 2089 1544 fere
2133 1463 2221 1526 ad
2251 1463 2656 1546 pariendum
2699 1461 3050 1542 mensibus,

767 1567 895 1632 Per
938 1569 1111 1633 idem
1157 1575 1410 1654 tempus
1459 1567 1858 1652 Polydorum
1905 1569 2168 1632 Hecuba
2205 1575 2414 1654 partu
2447 1574 2774 1654 postremo
2809 1569 3015 1654 parit,

552 1708 733 1792 quod
780 1729 860 1773 ex
904 1709 1137 1776 fabula
1180 1705 1399 1776 Iliona
1447 1718 1779 1795 sumptum
1821 1731 1964 1776 esse
2002 1710 2316 1777 Welcker
2353 1713 2534 1778 vidit.
2581 1712 2762 1776 Male
2799 1711 3000 1796 igitur
3040 1711 3120 1776 de
3159 1710 3286 1778 Vit

550 1816 621 1882 in
666 1815 875 1882 lexico
925 1818 1395 1902 interpretatur
1442 1820 1695 1903 tragico
1744 1825 2000 1885 tumore
2047 1818 2268 1884 locum
2315 1819 2686 1902 significare
2713 1841 3004 1904 puerum
3038 1825 3284 1884 natam.

548 1927 777 1990 statlm
830 1931 987 2009 post
1037 1926 1309 2010 nuptias
1362 1927 1529 2011 ipsis
1582 1928 1886 2011 repotiis,·
1947 1925 2152 1992 multo
2211 1925 2444 1992 melius
2491 1926 2828 1992 Lucianus
2875 1925 3164 1994 Mueller
3207 1925 3284 1989 in

553 2031 1001 2115 disputatione
1048 2033 1147 2098 De
1185 2033 1464 2097 Pacarii
1504 2033 1755 2116 fabulas
1793 2032 2121 2116 (Berolini
2159 2032 2338 2117 apud
2375 2032 2754 2099 Calvarium
2797 2035 2985 2110 1889,
3026 2056 3086 2117 p.
3129 2035 3280 2114 32):

551 2139 971 2222 ‘Repomlts’
1013 2145 1181 2224 puto
1216 2161 1563 2224 cognomen
1597 2141 1806 2224 fnisse
1841 2139 2098 2206 Baccho
2141 2141 2326 2224 apud
2364 2140 2860 2224 antiquissimos
2903 2135 3277 2219 Rmnanosj

549 2247 725 2329 quod
775 2267 913 2312 non
966 2248 1235 2328 mltum,
1292 2269 1443 2312 eam
1497 2248 1747 2331 repotia
1799 2247 1975 2312 inter
2017 2253 2296 2312 statutos
2347 2269 2426 2312 ae
2467 2248 2804 2312 sollemnes
2848 2247 3022 2312 ritus
3067 2253 3287 2312 essent

549 2354 963 2436 nuptiamm.
1007 2351 1133 2418 Cui
1161 2374 1298 2419 non
1327 2360 1505 2419 recte
1535 2353 1922 2418 adversatus
1953 2360 2054 2419 est
2084 2352 2503 2433 Stowasser1,
2536 2375 2684 2418 cum
2712 2351 2873 2418 dicit
2905 2354 3282 2438 „repotialis

548 2460 671 2542 <ist
716 2461 863 2544 mit>
908 2459 1392 2540 ‘hochzeitlich,
1439 2459 1919 2525 neuvermahlt’
1960 2482 2040 2524 zu
2079 2461 2487 2540 iibersetzen;
2537 2459 3077 2526 substantivisch:
3125 2459 3283 2524 ‘der

550 2566 1113 2646 Neuvermahlte’‚
1160 2589 1372 2634 novus
1416 2568 1715 2634 maritus,
1764 2567 1895 2633 Die
1944 2567 2148 2634 Stelle
2196 2569 2282 2634 ist
2326 2567 2474 2634 heil.
2523 2549 2908 2634 Ilbersetze:
2955 2573 3104 2632 ‘von
3139 2567 3278 2630 ihm

551 2672 731 2754 (dem
759 2672 1197 2758 Polymestor)
1235 2674 1570 2738 bekommt
1604 2672 1721 2738 ihn
1759 2672 1920 2754 (den
1945 2672 2284 2758 Polydor),
2324 2674 2522 2740 kaum
2561 2673 2650 2740 da
2679 2673 2894 2740 dieser
2922 2673 3039 2738 der
3067 2672 3278 2738 Brust

550 2781 885 2846 entwtihnt
930 2781 1035 2859 ist,
1081 2781 1188 2846 ein
1223 2777 1788 2865 jungvernliihlter
1835 2779 2032 2844 freier
2077 2780 2375 2846 Mann’.“
2430 2779 2614 2865 Quae
2653 2779 3002 2864 explicatio
3043 2780 3130 2846 ab
3171 2801 3275 2844 ar-

552 2894 861 2970 gumento
909 2886 1192 2966 fabulae,
1245 2887 1325 2952 de
1375 2908 1503 2969 quo
1550 2907 1667 2970 per
1712 2885 2052 2970 Hyginum
2099 2887 2468 2965 edocemur,
2521 2886 2870 2971 discrepat.
2917 2886 3186 2951 Etenim
3236 2907 3278 2949 a

550 2994 817 3059 Priamo
865 2993 1275 3078 Polymestor
1321 2992 1726 3078 Polydorum
1772 2993 2013 3076 accipit
2067 3015 2279 3076 neque
2325 2993 2644 3058 infantem
2693 2993 2777 3058 ab
2823 2992 3272 3078 Polymestore

552 3101 744 3166 alteri
790 3101 1053 3166 cuidam
1100 3101 1415 3166 traditum
1462 3121 1603 3164 esse
1653 3100 1866 3164 conici
1913 3098 2083 3166 licet.
2131 3099 2382 3183 Regem
2420 3099 2740 3165 Thraciae
2787 3119 2940 3164 vero
2989 3121 3030 3164 a
3072 3105 3272 3184 poeta

550 3209 829 3274 liberum
876 3207 1283 3295 appellatum
1330 3228 1471 3272 esse
1520 3207 1788 3272 credere
1833 3227 2106 3290 nequeo.
2197 3206 2591 3272 Muellerum
2636 3207 2835 3290 igitur
2880 3213 3056 3272 recte
3104 3206 3271 3271 iudi-

552 3334 736 3379 casse
785 3336 1039 3393 censeo‚
1087 3316 1157 3378 in
1203 3335 1279 3379 eo
1329 3321 1546 3380 autem
1595 3313 1932 3393 dissentio,
1982 3312 2163 3397 quod
2209 3333 2571 3396 cognomen
2614 3317 2836 3398 potius
2883 3334 2963 3380 ex
3011 3310 3269 3378 Graeco

552 3441 849 3486 sermone
917 3443 957 3484 a
1010 3420 1297 3486 Pacuvio
1364 3419 1759 3486 translatum
1826 3441 1967 3485 esse
2031 3420 2330 3485 existimo
2395 3441 2608 3502 neque
2663 3419 2750 3484 ad
2805 3419 2978 3484 diem
3031 3419 3270 3484 festum

549 3527 871 3612 postridie
918 3527 1182 3610 nuptias
1232 3526 1635 3592 celebratum
1674 3533 2001 3610 spectare3
2046 3548 2200 3591 nam
2240 3527 2296 3590 si
2323 3527 2420 3591 ita
2451 3533 2642 3605 esset,
2682 3526 3010 3591 Pacuvius
3038 3547 3268 3610 parum

557 3641 713 3718 apte
759 3633 1096 3717 epitheton
1141 3632 1268 3712 hic,
1318 3633 1431 3698 ubi
1476 3633 1641 3698 nihil
1679 3633 1759 3698 de
1799 3632 2046 3716 nuptiis
2084 3641 2153 3698 et
2175 3633 2671 3715 insequentibus
2701 3631 3266 3698 comissationibus

552 3743 787 3824 agitur,
856 3739 1326 3806 collocavisset.
1410 3739 1637 3822 Atque
1692 3747 1766 3804 ut
1824 3739 2063 3804 certius
2111 3739 2268 3821 quid
2312 3738 2747 3822 proferamuS,
2805 3759 3036 3807 ansam
3081 3738 3266 3803 nobis

550 3847 865 3933 praebere
930 3846 1188 3912 videtur
1253 3846 1551 3912 scholion
1616 3847 1702 3910 ad
1758 3845 1922 3913 Hor.
1982 3844 2118 3912 Sat.
2165 3845 2240 3910 ΙΙ
2287 3849 2348 3925 2,
2399 3848 2504 3925 60,
2568 3845 2744 3928 quod
2809 3845 2930 3910 sub
2985 3843 3264 3910 Acronis

549 3955 815 4020 nomine
873 3952 1354 4018 circumfertur:
1438 3955 1713 4038 Repotla
1766 3958 1944 4035 sant,
1999 3974 2164 4036 quae
2219 3953 2452 4017 Graeci
2501 3953 2734 4018 dieunt
2781 3952 3266 4036 Ποτοπρόφιαὲ

548 4067 671 4126 aut
702 4067 971 4126 *mutuae
1006 4061 1445 4126 invitationes.
1487 4060 1653 4125 Inde
1683 4060 1954 4126 Baccho
1994 4080 2357 4142 cognomen
2394 4058 2595 4124 fuisse
2621 4060 3120 4144 Ποτοστρόφιος,
3151 4060 3186 4124 i.
3215 4080 3262 4124 e.

551 4169 664 4250 qui
709 4167 1159 4254 potationibus
1197 4168 1494 4250 repetitis
1532 4166 1798 4251 gaudet,
1850 4167 2141 4232 divinare
2179 4166 2348 4234 licet.
2397 4166 2481 4231 In
2507 4165 2740 4232 litteris
2771 4163 3070 4244 Graecis,
3103 4185 3262 4249 quae

550 4274 636 4338 ad
684 4295 802 4338 nos
850 4279 1187 4352 venerunt,
1241 4273 1631 4340 vocabulum
1682 4274 1945 4358 quidem
1989 4293 2125 4338 non
2171 4280 2402 4353 exstat,
2471 4272 2588 4337 sed
2633 4273 2846 4337 minus
2894 4270 3260 4338 offensionis

549 4381 619 4446 id
666 4380 886 4458 habet,
952 4381 1127 4464 quod
1176 4380 1537 4446 Pacuvium
1584 4378 1876 4445 fabulam
1924 4380 2304 4445 recentioris
2361 4379 2700 4445 cuiusdam
2742 4384 2980 4464 poetae
3027 4383 3260 4444 tracta-

766 4573 787 4610 ²
822 4575 891 4629 In
930 4576 1113 4628 annal.
1152 4573 1577 4629 ‘W'ochenschn
1616 4574 1656 4627 f.
1694 4574 1862 4628 klasS.
1899 4573 2062 4628 Phil!
2100 4573 2222 4628 VH
2260 4573 2441 4645 80415.

765 4662 787 4697 ²
824 4663 977 4716 Male
1016 4663 1079 4717 O.
1108 4663 1305 4718 Keller
1340 4665 1398 4716 in
1426 4662 1862 4717 Pseudoaeronis
1897 4664 2060 4717 schol.
2097 4662 2166 4716 in
2203 4662 2394 4716 Horat.
2431 4668 2611 4718 vetust.
2651 4661 2895 4717 editione
2933 4661 3122 4730 (1904)
3159 4661 3258 4716 vol.

548 4750 613 4804 H
635 4751 734 4806 131
776 4768 904 4804 cum
942 4751 1227 4804 codicibus
1264 4753 1475 4819 recepit
1516 4749 1954 4821 Ποὸοστρόφια.
