3567 5109
1639 339 2111 404 -114—

520 537 804 614 mavit¹).
847 539 993 598 Hoc
1025 541 1236 612 igitur
1268 538 1422 598 loco
1457 536 1947 607 Quintilianum
1997 553 2145 596 esse
2194 537 2339 596 eius
2386 542 2733 595 auctorem
2782 533 3219 599 manifestum

521 649 640 704 est.
693 642 885 720 Idem
932 642 1298 704 tenendum
1335 649 1437 702 est
1486 641 1570 701 de
1602 640 2078 718 paradiastola,
2112 642 2305 701 cuius
2338 639 2729 718 exemplum
2763 637 3223 709 Quintilianus

521 764 604 807 ex
639 746 872 808 Rutilii
905 746 1082 826 Lupi
1115 746 1295 808 libro
1313 745 1362 821 ²)
1415 747 1639 824 petiit;
1692 745 2038 806 Isidorum
2072 751 2295 806 autem
2330 745 2612 805 Fabium
2659 746 2852 821 sequi
2886 760 2971 804 ex
3006 760 3082 804 ea
3132 761 3223 818 re,

523 851 710 928 quod
782 851 894 912 ille
962 853 1349 930 exemplum
1418 849 1660 910 eodem
1724 850 1935 910 modo
2002 856 2427 910 contractum
2506 848 2729 910 adfert
2811 855 3015 926 atque
3092 849 3221 922 hic,

521 963 820 1035 apparet.
859 955 990 1018 Sed
1032 959 1396 1034 episeopus
1429 955 1855 1032 Hispalensis
1894 971 2021 1032 pro
2065 949 2707 1036 considentescripsit
2727 949 3223 1014 inconsiderato.

523 1061 817 1122 Mutasse
882 1061 952 1120 id
1021 1059 1367 1122 Isidorum
1436 1063 1684 1138 opinor
1747 1059 1924 1134 ideo,
1992 1059 2179 1138 quod
2246 1067 2390 1120 tum
2437 1075 2673 1119 vocem
2744 1053 3225 1118 inconsiderato

523 1169 750 1244 aptius
813 1167 1069 1244 opponi
1137 1169 1288 1226 voci
1337 1163 1586 1248 fortem
1652 1166 1865 1224 sensit
1882 1184 1897 1238 ;
1968 1183 2119 1226 nam
2192 1159 2505 1245 covyidcm
2569 1166 2715 1224 eius
2791 1168 3009 1223 aetate
3086 1181 3223 1222 non

525 1272 828 1348 priorem
887 1271 1066 1330 illam
1135 1273 1542 1331 sententiam
1610 1273 1973 1330 retinuisse
2040 1287 2124 1330 ex
2192 1269 2505 1331 Cantabr.
2554 1271 2830 1347 interpr.
2882 1287 2977 1329 ev.
3024 1268 3223 1330 Marc.

526 1370 583 1448 7,
647 1381 726 1434 35
795 1373 1068 1450 colligO,
1135 1373 1251 1434 ubi
1321 1379 1376 1432 ct
1444 1368 1828 1456 loquebatur
1908 1368 2290 1455 confidenter
2354 1372 2727 1450 respondet
2792 1370 3055 1433 Graeco
3120 1371 3223 1432 καὶ

523 1475 736 1540 {aazia
783 1476 1017 1558 ὀρθῶς.
1068 1477 1327 1539 Eodem
1378 1478 1585 1540 modo
1636 1479 2023 1556 exemplum
2074 1477 2157 1538 ad
2208 1477 2686 1538 antanaclasim
2754 1475 3225 1538 illustrandam

527 1579 982 1651 Quintilianus
1029 1588 1378 1644 mutuatus
1428 1588 1529 1644 est
1575 1580 1660 1644 ab
1697 1582 1952 1643 Rutilio
1988 1584 2179 1660 Lupo
2198 1581 2265 1658 ³),
2314 1579 2399 1642 ab
2436 1580 2851 1651 Quintiliano
2899 1579 3231 1641 Isidorus.

730 1687 940 1747 Multo
1015 1694 1238 1748 autem
1306 1687 1502 1765 plura
1569 1689 1912 1748 schemata
1996 1689 2453 1765 reperiuntur,
2520 1703 2693 1764 quae
2760 1693 3050 1763 uterque
3116 1691 3231 1746 aut

530 1791 730 1851 simili
781 1791 988 1852 modo
1038 1791 1366 1852 describit
1416 1798 1529 1852 aut
1578 1791 1820 1853 iisdem
1870 1792 2203 1869 exemplis
2252 1791 2562 1865 illustrat,
2606 1794 2697 1852 ita
2731 1797 2973 1864 tamen,
3004 1797 3078 1851 ut
3111 1807 3231 1851 eos

533 1898 876 1956 communi
927 1895 1116 1956 fonte
1163 1913 1327 1956 usos
1376 1913 1524 1956 esse
1571 1899 1714 1956 veri
1764 1897 1983 1957 simile
2032 1898 2136 1958 sit.

983 2015 1380 2072 Quintilianus.
1880 2017 1886 2099 Ι
2266 2015 2467 2064 Isidor.
2507 2029 2562 2078 p.
2602 2016 2719 2078 51⁷,
2759 2029 2811 2064 n.
2852 2019 2899 2064 3.

671 2121 746 2170 1x
805 2121 853 2178 3,
909 2123 1002 2170 44ι
1063 2119 1263 2168 Pm'orie
1319 2120 1470 2169 ctiam
1541 2121 1828 2169 sententiae
1881 2106 1886 2149 ¹
2074 2117 2409 2182 Anadfploaete
2446 2125 2519 2168 ese
2554 2119 2920 2183 congeminatio
2956 2118 3231 2182 verborum,

531 2207 732 2256 ccv-bum
783 2206 1015 2256 tdtimum
1069 2221 1130 2254 ac
1165 2209 1419 2270 sequentis
1453 2208 1679 2268 primum
1703 2206 1827 2269 sre-
1881 2205 1887 2257 !
1936 2213 2015 2256 ul.-
2050 2206 2189 2255 ‘Hic
2226 2213 2433 2256 tamen
2486 2206 2672 2256 viru:
2719 2206 2912 2254 vivit?
2947 2207 3135 2254 ctiam
3169 2207 3235 2253 in

529 2301 738 2357 quanter
791 2301 866 2343 est
935 2295 1086 2361 idem,
1147 2311 1244 2358 quo
1315 2294 1516 2356 (lucidam
1579 2297 1831 2342 schemate
1882 2288 1887 2369 ἰ
1937 2299 2227 2342 senatum
2264 2292 2518 2353 renim).

532 2387 738 2430 natantur
754 2387 945 2443 poetae
970 2383 1178 2444 caepim
1204 2407 1384 2434 .....
1381 2384 1410 2431 5
1413 2381 1475 2430 ed
1499 2397 1563 2429 nc
1601 2387 1833 2430 oratores

531 2468 732 2531 quidem
767 2484 927 2517 raro:
973 2467 1115 2517 ‘Hic
1175 2475 1380 2517 tamen
1417 2470 1597 2517 vivit.-
1645 2468 1834 2516 rit-it?

531 2557 682 2606 immo
743 2569 860 2604 vero
925 2555 1110 2604 etiam
1171 2559 1230 2604 in
1292 2561 1572 2605 senatum
1631 2555 1829 2605 venie.

671 2645 763 2692 81:
827 2643 1337 2704 ('ontrapositum
1391 2649 1551 2690 autem
1617 2641 1708 2700 rel,
1781 2649 1833 2689 ut
1884 2694 1889 2721 Ι
2079 2657 2129 2704 p.
2171 2644 2289 2705 518,
2328 2655 2380 2688 n.
2420 2643 2476 2691 5:
2518 2639 2865 2700 ΑηείΗιιία,
2895 2656 3023 2702 quae
3051 2639 3237 2690 Latine

534 2729 739 2792 quidam
817 2735 1013 2794 cocant,
1111 2730 1366 2778 contencio
1443 2726 1835 2791 (ἀντίθετον
1940 2728 2446 2790 contrapositum.
2512 2725 2877 2789 appellantur.-
2935 2743 3066 2788 qnae
3118 2727 3239 2776 dnm

534 2816 746 2879 dicitur)
779 2831 884 2864 non
920 2831 1018 2863 tmo
1041 2814 1108 2876 fit
1143 2815 1295 2864 „todo
1333 2831 1384 2878 q.
1423 2831 1463 2866 s.
1942 2830 2004 2862 ex
2052 2813 2272 2862 ‹ulem-w
2313 2818 2586 2875 ponuntur,
2634 2815 2921 2862 sententiae
2948 2811 3237 2876 pulchritu-

1940 2901 2110 2950 dinem
2153 2901 2365 2964 ,t'czct‘imt
2420 2907 2467 2949 et
2520 2901 2575 2948 in
2630 2905 2923 2950 ornamento
2975 2901 3241 2950 locutionis

1940 2987 2297 3036 decentissima
2354 2988 2593 3044 existunt,
2648 2993 2703 3036 ut
2744 2985 2944 3037 Cicero.-
2988 2987 3092 3037 ‘Ex
3143 2989 3242 3038 hac

1938 3074 2104 3137 ραν-ω’
2145 3090 2195 3137 q.
2235 3089 2274 3124 a.
2322 3073 2629 3123 Huiusmodi
2655 3073 2911 3124 lomationio
2948 3081 3241 3124 ornamento

1944 3161 2068 3210 liber
2142 3161 2529 3210 Ecclesiasticus
2608 3177 2731 3210 naue
2802 3168 2877 3210 eat
2892 3163 2929 3224 ⁵)
2943 3179 2959 3209 :
3026 3161 3241 3212 ‘Contra

1886 3252 1892 3310 ί
1942 3249 2147 3297 ntalem?
2185 3265 2239 3312 q.
2277 3263 2317 3298 s.

753 3372 788 3430 ¹)
830 3372 895 3420 ci'.
935 3371 997 3420 G.
1038 3371 1279 3434 Dzialas,
1317 3371 1474 3420 Rhct.
1513 3372 1724 3432 antiqu.
1767 3372 1837 3420 de
1873 3371 2077 3433 figuris
2116 3372 2387 3436 doctrina,
2426 3387 2478 3434 p.
2526 3376 2601 3421 '.0.

748 3457 788 3515 2)
828 3458 853 3505 1
911 3461 960 3519 4,
1000 3471 1052 3518 p.
1093 3457 1277 3518 5(H.).

751 3544 789 3604 3)
831 3544 854 3592 1
895 3549 943 3606 5,
982 3558 1034 3606 p.
1075 3546 1122 3593 ὅ.

750 3635 788 3692 ⁴)
829 3631 1152 3680 Alexandro
1208 3632 1483 3682 Numenio
1539 3640 1674 3683 teste
1715 3634 2064 3696 anadiplosis
2102 3635 2172 3682 ab
2216 3635 2342 3682 aliis
2398 3636 2797 3696 appellabat-ur
2836 3648 2899 3682 ea
2954 3635 3161 3697 figura,
3186 3636 3242 3682 in

543 3733 656 3781 qua
702 3719 1011 3769 secundum
1052 3719 1260 3768 dictum
1300 3721 1498 3782 incipit
1536 3735 1566 3769 a
1605 3721 1714 3769 sine
1753 3722 1869 3769 eius
1875 3721 2076 3784 ‚quod
2108 3721 2408 3774 antecedit:
2450 3735 2498 3770 v.
2540 3723 2645 3784 ΙΙΙ,
2684 3736 2737 3784 p.
2766 3723 2849 3784 20,
2888 3724 2948 3771 21
2972 3735 3041 3772 ss,
3082 3723 3248 3786 (Sp.):

545 3809 702 3854 τοῦτο
743 3803 802 3855 δέ
851 3821 991 3864 τινες
1029 3802 1184 3863 ἰδίως
1220 3803 1589 3854 (ὶιαδίπλωσιν
1613 3807 1873 3871 λέγουσιν,
1900 3801 2033 3855 ὅταν
2058 3806 2114 3856 τὸ
2154 3805 2453 3870 δεύτερον
2433 3805 2717 3870 Λεῆόμενυν
2752 3805 2979 3874 ἄρχηται
3015 3803 3126 3859 ἀπὸ
3153 3814 3248 3874 της

545 3896 640 3942 τοῦ
677 3892 1086 3957 προηγουνμὲνοτ
1126 3893 1384 3958 τελευτῆς,
1427 3891 1502 3952 ὡς
1539 3893 1849 3958 Σοφοκλῆς·
1890 3887 2177 3958 ὦφίλταθ
2208 3891 2283 3952 ὥς
2318 3891 2672 3958 μᾶπώλι-σας,
2709 3893 2995 3954 ἀπώλεσας
3029 3895 3162 3961 δῆτ,
3202 3889 3244 3944 ὦ

545 3978 864 4044 κασίγνητον
889 3979 1030 4042 κάρα
1051 4008 1110 4016 -
1144 3983 1214 4030 ab
1244 3982 1368 4030 aliis
1394 3996 1474 4046 ea,
1503 3998 1670 4044 quam
1701 3984 1979 4032 Caecilius
2006 3983 2374 4045 palillogiam,
2405 3985 2501 4032 alii
2526 3986 2911 4047 epanalepsim
2942 3987 3247 4047 vocabant;

547 4069 610 4115 cf.
643 4068 825 4130 111,p.
855 4071 937 4130 29,
966 4071 1096 4130 bsq.
1128 4069 1288 4131 (Sp.):
1333 4069 1512 4118 Τοῦτο
1553 4067 1613 4119 τὸ
1651 4073 1827 4134 σχῆμα
1863 4065 1893 4118 ὁ
1929 4066 2026 4134 μὲν
2061 4068 2332 4132 Καρκῖνος
2370 4068 2667 4130 (Καικίλιος
2698 4072 2932 4122 coniecit
2974 4073 3246 4122 Norman-

547 4156 673 4214 nus)
735 4153 1077 4216 παλιλλογιάν
1136 4157 1298 4213 καλεῖ,
1354 4152 1489 4205 ἔνιοι
1551 4154 1608 4202 ὁὶ-
1675 4154 2064 4211 ἆναόίπλωσιν,
2119 4151 2171 4205 οἱ
2232 4154 2290 4204 δὲ
2353 4150 2707 4221 ἐπανάληψιν.
2767 4185 2827 4194 -
2896 4159 2976 4208 Ex
3039 4158 3247 4208 Isidori

549 4243 737 4290 verbis
772 4244 1140 4300 conqvminatio
1180 4243 1439 4290 rer-borum
1478 4251 1666 4294 utrum
1705 4246 2091 4307 epanalepsim
2149 4247 2325 4308 ipsam
2366 4247 2703 4306 spectaverit
2740 4260 2811 4294 an
2851 4246 2970 4295 cius
3004 4247 3249 4309 speciem

547 4343 663 4378 non
702 4335 965 4391 apparet3
1015 4331 1110 4378 sed
1150 4329 1383 4380 fortasse
1423 4333 1682 4394 exemplo
1739 4347 1863 4382 eum
1924 4333 2158 4381 eandem
2220 4339 2387 4394 atque
2443 4331 2851 4389 Quintilianum
2892 4335 2948 4394 (l.
2986 4335 3049 4394 s.)
3089 4332 3248 4384 intel-

549 4417 751 4466 lexisse
805 4416 1046 4478 figuram
1087 4417 1398 4474 indicatum
1438 4432 1570 4468 nam
1635 4434 1760 4468 cum
1829 4421 2037 4470 Fabius
2092 4421 2241 4469 idem
2306 4419 2525 4469 adferat
2564 4422 2903 4484 exemplum,
2942 4427 3249 4484 utrumque

549 4505 744 4552 eodem
785 4515 944 4552 usum
987 4516 1101 4552 esse
1141 4509 1368 4554 auctore
1406 4507 1717 4558 statuerim.

759 4591 796 4650 ὃ)
823 4590 1122 4639 Sacrarutn
1151 4591 1471 4642 litterarum
1503 4594 1754 4642 Isidorus
1782 4596 2057 4644 rationem
2086 4608 2197 4643 non
2226 4595 2427 4644 habuit
2452 4594 2561 4644 nisi
2592 4597 2697 4644 hoc
2736 4597 2874 4657 loco,
2904 4608 3249 4658 quamquam

550 4677 733 4740 plura,
771 4678 942 4724 immo
983 4689 1118 4725 vero
1159 4681 1438 4738 permulta
1479 4682 1736 4742 exempla
1776 4682 1845 4728 ad
1886 4681 2103 4742 figuras
2139 4683 2506 4731 illustrandas
2544 4695 2611 4730 ex
2648 4683 2716 4730 iis
2755 4681 2963 4732 adferri
2992 4690 3248 4744 possent:

551 4764 616 4812 cf.
660 4765 845 4815 Bedae
873 4767 1067 4812 Vener.
1097 4765 1197 4815 lib.
1237 4767 1304 4814 dc
1330 4767 1534 4816 schem.
1564 4770 1616 4816 ct
1652 4775 1793 4830 trop.
1824 4783 1874 4829 p.
1916 4771 2015 4818 607
2038 4783 2104 4817 ss
2131 4770 2268 4830 (IL).
2293 4769 2480 4826 Quare
2518 4769 2796 4820 Isidorum
2836 4771 2995 4819 illum
3024 4784 3247 4821 versum

552 4855 646 4900 aut
667 4851 930 4901 memoria
951 4853 1198 4900 tenuisse
1223 4859 1320 4904 aut
1347 4855 1518 4916 paulo
1549 4861 1676 4904 ante
1703 4855 1917 4918 legisse,
1946 4869 2113 4917 quam
2145 4858 2215 4904 dc
2238 4859 2341 4907 hac
2362 4857 2545 4917 figura
2572 4859 2861 4918 scriberet,
2889 4857 3247 4910 crediderim.
