3567 5109
1712 264 2150 327 -35-

566 478 691 541 hac
726 478 981 541 ratione
1023 476 1477 558 quaestionem
1506 474 1923 541 Platonicam
1961 476 2125 554 fore,
2167 482 2242 539 ut
2277 475 2637 559 aliquando
2678 475 3070 540 dirimatur.¹
3116 475 3298 539 Nam

568 584 727 647 ordo
769 583 1197 665 dialogorum,
1239 604 1433 665 quem
1473 583 1844 664 complures
1881 582 2001 645 viri
2041 584 2440 646 constituere
2480 583 2774 665 aggressi
2813 589 2986 660 sunt,
3037 604 3302 665 semper

567 690 650 753 ab
702 689 850 753 aliis
896 689 1029 755 alia
1075 690 1331 754 ratione
1390 688 1603 752 ductis
1658 690 2046 753 immutatus
2101 695 2203 752 est
2245 710 2461 771 neque
2519 710 2812 772 unquam
2860 688 3154 770 contigit,
3225 697 3304 752 ut

569 796 827 861 duobus
876 797 1028 861 viris
1068 796 1297 860 eadem
1328 802 1502 859 esset
1538 796 1869 859 sententia
1907 796 1986 859 de
2026 796 2410 877 gravissima
2445 794 2560 859 illa
2603 797 3005 879 quaestione.
3053 795 3300 877 Itaque

566 904 1036 987 Dittenberger
1084 904 1163 967 de
1210 904 1335 967 hac
1373 925 1442 967 re
1483 903 1727 985 optime
1766 903 2005 966 meruit
2041 910 2108 967 et
2144 904 2440 967 ordinem
2481 902 2892 985 dialogorum
2929 902 3300 977 constituit,

567 1032 761 1093 quem
826 1012 896 1075 in
960 1011 1337 1075 universum
1401 1016 1651 1073 rectum
1706 1030 1849 1073 esse
1906 1032 1985 1073 ea
2032 1031 2100 1073 re
2162 1010 2500 1092 probatur,
2551 1010 2728 1092 quod
2775 1032 2873 1086 ea,
2941 1030 3108 1091 quae
3159 1010 3302 1071 suis

566 1116 1184 1199 investigationibus
1249 1116 1551 1199 profecit,
1622 1138 1768 1180 cum
1835 1116 2404 1181 observationibus
2461 1116 2740 1181 aliorum
2804 1117 3111 1192 virorum,
3182 1116 3299 1198 qui

567 1225 845 1288 eandem
882 1224 1055 1288 viam
1090 1224 1371 1305 ingressi
1402 1230 1575 1299 sunt,
1626 1224 1860 1287 mirum
1892 1231 2212 1307 quantum
2243 1230 2632 1306 congruunt.
2671 1223 2998 1305 Tempore
3026 1222 3301 1286 Ditten-

565 1330 838 1413 bergero
888 1332 1223 1412 proximus
1262 1336 1362 1394 est
1396 1330 1489 1394 M.
1530 1328 1950 1409 Schanzius‚²
1995 1332 2106 1411 qui
2135 1330 2629 1413 Dittenbergeri
2658 1331 2949 1393 rationes
2977 1350 3303 1411 recogno—

565 1439 676 1515 vit,
727 1437 1044 1515 defendit,
1092 1439 1279 1501 novis
1328 1436 1900 1501 observationibus
1947 1438 2150 1501 auxit.
2197 1438 2461 1502 Deinde
2511 1437 2992 1502 Constantinus
3039 1436 3304 1499 Ritter³

567 1544 1055 1608 observationes
1104 1544 1422 1607 sermonis
1470 1545 1633 1608 varii
1680 1545 1938 1627 generis
1987 1545 2074 1608 ad
2119 1543 2418 1626 dialogos
2456 1542 2758 1608 Platonis
2797 1542 3302 1607 constituendos

568 1650 885 1715 adhibuit.
982 1649 1163 1734 Quos
1230 1656 1491 1714 secutus
1557 1658 1659 1715 est
1702 1650 2007 1715 Joannes
2065 1651 2144 1714 de
2195 1648 2486 1729 Arnim,⁴
2552 1650 2664 1733 qui
2721 1670 2946 1713 omnes
3003 1648 3301 1713 omnium

569 1758 979 1841 dialogorum
1028 1758 1459 1840 genuinorum
1508 1757 1999 1821 adfirmationes
2055 1757 2412 1841 indagavit.
2494 1757 2645 1821 Hac
2701 1756 2902 1838 igitur
2965 1756 3071 1819 via
3115 1754 3302 1817 vide-

566 1886 781 1944 amuS‚
868 1886 1025 1928 num
1101 1866 1169 1929 in
1246 1864 1655 1947 dialogorum
1741 1866 2116 1947 spuriorum
2192 1865 2576 1947 quaestione
2652 1862 2904 1945 aliquid
2977 1860 3299 1943 proficere

567 1973 913 2055 possimus,
981 1994 1177 2055 quam
1244 1974 1565 2037 rationem
1630 1973 1761 2037 iam
1813 1972 2172 2036 Schanzius
2232 1970 2724 2055 Clitophontem
2781 1969 3184 2033 examinans
3225 1968 3300 2031 in

564 2078 791 2143 Herm.
838 2085 883 2142 t.
932 2079 1121 2142 XXI
1167 2102 1231 2161 p.
1272 2082 1399 2144 455
1452 2086 1759 2161 expertus
1808 2085 1908 2141 est
1954 2085 2021 2142 et
2066 2078 2302 2157 Ritter,
2372 2078 2484 2160 qui
2543 2098 2688 2141 eam
2745 2074 3050 2141 adhibuit
3095 2074 3164 2139 in
3213 2075 3301 2165 iis

568 2186 867 2267 dialogiS,
918 2187 1031 2269 qui
1077 2187 1208 2250 iam
1256 2185 1339 2250 ab
1386 2186 1679 2267 antiquis
1730 2186 1938 2267 spurii
1986 2184 2417 2250 habebantur.

780 2294 1075 2357 Primum
1119 2295 1321 2376 igitur
1366 2292 1883 2374 Dittenbergeri‚
1934 2292 2170 2356 deinde
2219 2291 2548 2371 Schanzii,
2605 2297 2746 2354 tum
2794 2289 3054 2366 Ritteri,
3106 2287 3302 2351 deni-

569 2422 695 2483 que
760 2399 1051 2465 Joannis
1117 2400 1195 2463 de
1258 2398 1493 2463 Arnim
1560 2398 2052 2464 observationes
2119 2420 2264 2463 cum
2331 2399 2412 2461 iis
2480 2396 2918 2493 conferamu8‚
2988 2414 3155 2477 quae
3224 2394 3300 2456 in

568 2506 918 2572 Alcibiade
966 2508 1405 2571 inveniuntur.
2705 2568 2715 2579 ,

780 2612 964 2696 Quae
1046 2612 1558 2697 Dittenberger⁵
1640 2614 1720 2677 de
1807 2612 2168 2695 particulae
2242 2615 2372 2696 μὴν
2447 2612 2624 2675 vario
2701 2631 2822 2673 usu
2899 2606 3293 2683 observavit,

564 2720 729 2785 haec
777 2729 958 2786 sunt:

1260 2897 1284 2901 ,-
1605 2920 1608 2958 l
2282 2925 2286 2950 1
2959 2904 2983 2946 Γ
3057 2890 3071 2905 -.

1266 2946 1271 3044 Ι
1316 2971 1411 3023 καὶ
1443 2969 1562 3037 μὴν
1604 2970 1786 3022 «ἀλλὰ
1808 2969 1950 3060 ,ιιὴνΙ
2003 2970 2056 3021 τί
2086 2968 2232 3036 μήν;
2283 2953 2288 3089 Ι
2341 2983 2415 3035 γε
2449 2965 2566 3033 μὴν
2661 2930 2856 3067 ἀλῄῧν
3017 2924 3252 3063 Siffiiana

707 3096 866 3103 --.-,
919 3096 1060 3104 μ---
1095 3098 1124 3103 „
1165 3099 1202 3103 -
1263 3064 1300 3168 Ι,
1360 3100 1389 3103 -
1441 3100 1486 3104 —
1528 3100 1605 3184 ,-Ι
1659 3100 1671 3103 ,
1729 3099 1815 3104 —,
1859 3063 1979 3104 -Λ,
2146 3100 2173 3103 ,
2246 3100 2284 3168 -Ι
2356 3096 2515 3103 ----
2594 3095 2673 3182 ,Γ
2841 3094 2875 3098 -
3032 3090 3175 3095 —-

724 3201 976 3282 Κρίτων
1028 3254 1038 3263 .
1116 3253 1128 3264 .
1205 3254 1217 3265 .
1262 3185 1269 3267 Ι
1601 3207 1607 3300 Ι
1758 3253 1769 3265 .
2279 3219 2285 3326 Ι
2617 3187 2624 3293 Ι
2957 3111 2962 3263 Ι
3114 3244 3126 3256 -

670 3214 703 3433 Ι
724 3324 1105 3407 Εὐθύφρων
1206 3376 1217 3387 .
1432 3328 1465 3389 1
1602 3307 1608 3447 Ι
1771 3328 1803 3389 1
1943 3305 1946 3368 Ι
2619 3324 2624 3422 Ι
2956 3293 2962 3392 Ι
3122 3320 3162 3381 2

722 3447 1164 3530 Πρωταγόρας
1206 3500 1217 3511 .
1429 3452 1468 3511 2
1768 3453 1807 3512 3
1943 3449 1947 3478 ¹
2279 3333 2286 3596 Ι
2619 3445 2624 3540 Ι
2956 3433 2962 3504 Ι
3123 3446 3162 3506 5

698 3572 1062 3655 ,Χαρμίδης
1115 3620 1131 3639 .
1204 3620 1221 3635 .
1263 3510 1269 3632 Ι
1428 3576 1467 3635 2
1602 3506 1608 3674 Ι
1769 3576 1809 3637 2
1941 3534 1948 3693 Ι
2279 3605 2286 3682 Ι
2617 3593 2624 3676 Ι
2955 3536 2962 3691 Ι
3123 3570 3160 3632 7

561 3717 668 3725 ——-

781 3800 801 3835 ²
838 3802 1044 3855 Confer
1081 3804 1251 3855 etiam
1292 3800 1393 3853 Th.
1434 3802 1749 3870 Gromperzii
1793 3780 2153 3855 Griechische
2195 3804 2416 3856 Denker
2455 3804 2516 3855 II
2553 3820 2605 3871 p.
2637 3802 2737 3855 231
2781 3819 2928 3869 seqq.

778 3908 799 3942 ²
839 3909 984 3975 „Zur
1014 3908 1414 3976 Entwicklung
1443 3909 1540 3962 des
1570 3909 1972 3963 Platonischeu
2003 3910 2175 3963 Stils“
2206 3912 2263 3963 in
2291 3910 2536 3963 Hermae
2576 3914 2711 3962 tom.
2743 3906 2889 3961 XXI
2926 3926 2978 3975 p.
2999 3906 3105 3961 439
3135 3924 3292 3975 seqq.

778 4015 799 4049 ³
838 4015 1379 4085 „Untersuchungen
1408 4016 1545 4069 iiber
1571 4015 1755 4069 Plato.
1798 4017 1902 4069 Die
1935 4016 2198 4071 Echtheit
2231 4017 2344 4069 und
2374 4017 2748 4085 Chronologie
2769 4015 2869 4068 der
2887 4014 3292 4068 Platonischen

564 4104 902 4159 Schriften.“
944 4104 1233 4174 Stuttgart
1275 4104 1427 4159 1888.

778 4213 799 4245 ⁴
837 4212 927 4264 De
958 4210 1276 4264 Platonis
1315 4211 1613 4280 dialogis
1652 4215 2090 4281 quaestiones
2131 4214 2664 4283 chronologicae
2704 4212 2760 4263 in
2792 4212 2981 4265 Schol.
3017 4210 3290 4265 Rostoch.

562 4301 777 4371 1896s7.
854 4300 1014 4353 Conf.
1065 4301 1313 4353 eiusdem
1371 4303 1681 4355 orationem
1740 4302 2147 4355 academicam:
2206 4304 2343 4371 „Die
2393 4300 2869 4355 Verwertbarkeit
2918 4300 3016 4353 der
3063 4301 3292 4369 sprach-

561 4390 947 4443 statistischen
986 4390 1255 4443 Methode
1303 4407 1371 4442 zu
1419 4390 1922 4460 chronologischen
1963 4392 2317 4458 Schliissen“,
2365 4410 2503 4459 quae
2553 4390 2842 4459 publicata
2880 4394 2962 4442 est
3013 4390 3068 4441 in
3117 4406 3292 4442 anna-

558 4479 725 4545 libus,
766 4480 859 4547 qui
898 4480 1283 4532 inscribuntur
1322 4478 1681 4547 „zeitschrift
1721 4480 1759 4532 f.
1801 4480 1852 4532 d.
1895 4483 2086 4533 iisterr.
2129 4481 2426 4549 Gymnas.“
2467 4480 2546 4533 LI
2585 4480 2772 4549 (1900)
2810 4480 2911 4533 481
2955 4496 3104 4547 seqq.

776 4586 799 4619 ⁵
832 4586 987 4655 Quae
1036 4588 1123 4639 vir
1174 4586 1373 4639 doctus
1422 4603 1604 4638 errore
1654 4588 1862 4653 omisit,
1913 4589 2022 4639 iam
2071 4590 2128 4639 in
2173 4588 2259 4639 his
2307 4588 2512 4640 tabulis
2552 4586 2968 4639 emendavimus
3015 4603 3188 4638 unum
3237 4593 3297 4643 τί

554 4674 700 4742 μή-νς
737 4676 795 4726 in
835 4674 1039 4741 Lyside
1078 4681 1135 4727 et
1176 4674 1255 4728 Re
1295 4676 1545 4743 publica3
1596 4693 1765 4727 unum
1806 4694 1880 4745 γε
1913 4675 2032 4744 μὴν
2071 4678 2126 4729 in
2167 4677 2446 4745 Sophista,
2483 4694 2654 4729 unum
2698 4680 2748 4730 τί
2777 4675 2896 4744 μὴν
2931 4677 2990 4728 in
3027 4674 3291 4729 Phaedro

562 4763 707 4815 conf.
750 4762 945 4817 Ritter
988 4783 1041 4833 p.
1074 4766 1156 4818 15.
