<?xml version="1.0" encoding="UTF-8"?>
<!DOCTYPE html PUBLIC "-//W3C//DTD XHTML 1.0 Transitional//EN"
    "http://www.w3.org/TR/xhtml1/DTD/xhtml1-transitional.dtd">
<html xmlns="http://www.w3.org/1999/xhtml" xml:lang="en" lang="en">
 <head>
  <title>
</title>
<meta http-equiv="Content-Type" content="text/html;charset=utf-8" />
  <meta name='ocr-system' content='tesseract 3.04.00' />
  <meta name='ocr-capabilities' content='ocr_page ocr_carea ocr_par ocr_line ocrx_word'/>
</head>
<body>
  <div class='ocr_page' id='page_1' title='image "./dissertationesp09wiengoog_0150.png"; bbox 0 0 3567 5109; ppageno 0'>
   <div class='ocr_carea' id='block_1_1' title="bbox 1613 295 2085 358">
    <p class='ocr_par' dir='ltr' id='par_1_1' title="bbox 1613 295 2085 358">
     <span class='ocr_line' id='line_1_1' title="bbox 1613 295 2085 358; baseline 0 -1"><span class='ocrx_word' id='word_1_1' title='bbox 1613 295 2085 358; x_wconf 78' lang='lat'>-142—</span> 
     </span>
    </p>
   </div>
   <div class='ocr_carea' id='block_1_2' title="bbox 1581 481 2115 549">
    <p class='ocr_par' dir='ltr' id='par_1_2' title="bbox 1581 481 2115 549">
     <span class='ocr_line' id='line_1_2' title="bbox 1581 481 2115 549; baseline 0.007 -16"><span class='ocrx_word' id='word_1_2' title='bbox 1581 483 1791 549; x_wconf 79' lang='grc' dir='ltr'><strong><em>ζήτημα</em></strong></span> <span class='ocrx_word' id='word_1_3' title='bbox 1826 481 2115 538; x_wconf 79' lang='grc' dir='ltr'><strong><em>πολιτικόν.</em></strong></span> 
     </span>
    </p>
   </div>
   <div class='ocr_carea' id='block_1_3' title="bbox 818 555 1984 584">
    <p class='ocr_par' dir='ltr' id='par_1_3' title="bbox 818 555 1984 584">
     <span class='ocr_line' id='line_1_3' title="bbox 818 555 1984 584; baseline 0 -4"><span class='ocrx_word' id='word_1_4' title='bbox 818 555 1984 584; x_wconf 42' lang='grc' dir='ltr'>μ--ι--ῌῂ</span> 
     </span>
    </p>
   </div>
   <div class='ocr_carea' id='block_1_4' title="bbox 1950 671 2357 688">
    <p class='ocr_par' dir='ltr' id='par_1_4' title="bbox 1950 671 2357 688">
     <span class='ocr_line' id='line_1_4' title="bbox 1950 671 2357 688; baseline 0 0"><span class='ocrx_word' id='word_1_5' title='bbox 1950 671 2357 688; x_wconf 95' lang='lat' dir='ltr'> </span> 
     </span>
    </p>
   </div>
   <div class='ocr_carea' id='block_1_5' title="bbox 2730 672 3034 688">
    <p class='ocr_par' dir='ltr' id='par_1_5' title="bbox 2730 672 3034 688">
     <span class='ocr_line' id='line_1_5' title="bbox 2730 672 3034 688; baseline 0 0"><span class='ocrx_word' id='word_1_6' title='bbox 2730 672 3034 688; x_wconf 95' lang='lat' dir='ltr'> </span> 
     </span>
    </p>
   </div>
   <div class='ocr_carea' id='block_1_6' title="bbox 545 587 3212 1111">
    <p class='ocr_par' dir='ltr' id='par_1_6' title="bbox 545 587 3212 1111">
     <span class='ocr_line' id='line_1_6' title="bbox 939 587 3139 690; baseline 0 -46"><span class='ocrx_word' id='word_1_7' title='bbox 939 594 982 644; x_wconf 89' lang='grc' dir='ltr'>Ι.</span> <span class='ocrx_word' id='word_1_8' title='bbox 1019 590 1173 663; x_wconf 74' lang='grc' dir='ltr'><strong><em>γένος</em></strong></span> <span class='ocrx_word' id='word_1_9' title='bbox 1207 587 1434 654; x_wconf 71' lang='grc' dir='ltr'>λογικόν.</span> <span class='ocrx_word' id='word_1_10' title='bbox 1687 671 1783 687; x_wconf 71' lang='lat'><em>-</em></span> <span class='ocrx_word' id='word_1_11' title='bbox 2226 637 2231 642; x_wconf 85' lang='lat'><strong>.</strong></span> <span class='ocrx_word' id='word_1_12' title='bbox 2271 597 2343 646; x_wconf 91' lang='lat'>11.</span> <span class='ocrx_word' id='word_1_13' title='bbox 2360 593 2809 688; x_wconf 56' lang='lat' dir='ltr'>Qfflv.</span> <span class='ocrx_word' id='word_1_14' title='bbox 3040 670 3139 690; x_wconf 66' lang='lat'>—</span> 
     </span>
     <span class='ocr_line' id='line_1_7' title="bbox 837 691 3003 765; baseline 0.001 -18"><span class='ocrx_word' id='word_1_15' title='bbox 837 703 882 747; x_wconf 85' lang='lat'>1.</span> <span class='ocrx_word' id='word_1_16' title='bbox 921 693 1237 762; x_wconf 76' lang='grc' dir='ltr'><strong><em>στοχασμὸς.</em></strong></span> <span class='ocrx_word' id='word_1_17' title='bbox 1306 700 1360 752; x_wconf 81' lang='grc'>2.</span> <span class='ocrx_word' id='word_1_18' title='bbox 1399 691 1548 763; x_wconf 70' lang='grc' dir='ltr'><strong>ὅρος.</strong></span> <span class='ocrx_word' id='word_1_19' title='bbox 2058 704 2103 750; x_wconf 87' lang='lat'>1.</span> <span class='ocrx_word' id='word_1_20' title='bbox 2142 694 2279 749; x_wconf 64' lang='grc' dir='ltr'><strong>καὲὰ</strong></span> <span class='ocrx_word' id='word_1_21' title='bbox 2318 694 2483 765; x_wconf 74' lang='grc' dir='ltr'><strong><em>ῥητὸν</em></strong></span> <span class='ocrx_word' id='word_1_22' title='bbox 2520 697 2611 748; x_wconf 82' lang='grc' dir='ltr'>καὶ</span> <span class='ocrx_word' id='word_1_23' title='bbox 2644 696 3003 764; x_wconf 79' lang='grc' dir='ltr'><strong><em>ὑπεξαίρεσιν.</em></strong></span> 
     </span>
     <span class='ocr_line' id='line_1_8' title="bbox 835 763 2997 852; baseline -0 -35"><span class='ocrx_word' id='word_1_24' title='bbox 835 771 882 818; x_wconf 87' lang='lat'>3.</span> <span class='ocrx_word' id='word_1_25' title='bbox 922 763 1162 832; x_wconf 83' lang='grc' dir='ltr'>ποιότης.</span> <span class='ocrx_word' id='word_1_26' title='bbox 1308 773 1356 818; x_wconf 83' lang='grc'>4.</span> <span class='ocrx_word' id='word_1_27' title='bbox 1393 766 1705 833; x_wconf 77' lang='grc' dir='ltr'>μετάληψις.</span> <span class='ocrx_word' id='word_1_28' title='bbox 2058 772 2107 820; x_wconf 94' lang='grc'>2.</span> <span class='ocrx_word' id='word_1_29' title='bbox 2146 767 2444 836; x_wconf 78' lang='grc' dir='ltr'><strong>ἀντινομία.</strong></span> <span class='ocrx_word' id='word_1_30' title='bbox 2517 773 2565 822; x_wconf 91' lang='grc'>3.</span> <span class='ocrx_word' id='word_1_31' title='bbox 2606 766 2919 852; x_wconf 76' lang='grc' dir='ltr'><strong>ἀμφιβολία.</strong></span> <span class='ocrx_word' id='word_1_32' title='bbox 2958 811 2997 836; x_wconf 38' lang='lat'>.-</span> 
     </span>
     <span class='ocr_line' id='line_1_9' title="bbox 1011 835 2718 915; baseline -0.001 -25"><span class='ocrx_word' id='word_1_33' title='bbox 1011 835 1018 915; x_wconf 85' lang='grc' dir='ltr'><strong>Ι</strong></span> <span class='ocrx_word' id='word_1_34' title='bbox 1569 853 1572 856; x_wconf 79' lang='grc'><strong><em>’</em></strong></span> <span class='ocrx_word' id='word_1_35' title='bbox 2270 844 2320 890; x_wconf 82' lang='grc'>4.</span> <span class='ocrx_word' id='word_1_36' title='bbox 2360 837 2718 904; x_wconf 76' lang='grc' dir='ltr'>συλλογισμός.</span> 
     </span>
     <span class='ocr_line' id='line_1_10' title="bbox 545 915 3212 1009; baseline 0 -18"><span class='ocrx_word' id='word_1_37' title='bbox 545 947 588 992; x_wconf 91' lang='lat'>1.</span> <span class='ocrx_word' id='word_1_38' title='bbox 629 939 1072 1008; x_wconf 81' lang='grc' dir='ltr'><strong>συμβουλευτική.</strong></span> <span class='ocrx_word' id='word_1_39' title='bbox 1131 915 3212 1009; x_wconf 48' lang='lat' dir='ltr'>W-—W———Wff</span> 
     </span>
     <span class='ocr_line' id='line_1_11' title="bbox 1129 1011 3169 1111; baseline -0.002 -11"><span class='ocrx_word' id='word_1_40' title='bbox 1129 1011 3169 1111; x_wconf 54' lang='lat' dir='ltr'>mmmmm.</span> 
     </span>
    </p>
   </div>
   <div class='ocr_carea' id='block_1_7' title="bbox 2952 1021 3211 1041">
    <p class='ocr_par' dir='ltr' id='par_1_7' title="bbox 2952 1021 3211 1041">
     <span class='ocr_line' id='line_1_12' title="bbox 2952 1021 3211 1041; baseline 0 4068"><span class='ocrx_word' id='word_1_41' title='bbox 2952 1021 3211 1041; x_wconf 95' lang='lat' dir='ltr'> </span> 
     </span>
    </p>
   </div>
   <div class='ocr_carea' id='block_1_8' title="bbox 1131 1117 3210 1147">
    <p class='ocr_par' dir='ltr' id='par_1_8' title="bbox 1131 1117 3210 1147">
     <span class='ocr_line' id='line_1_13' title="bbox 1131 1117 3210 1147; baseline 0 3962"><span class='ocrx_word' id='word_1_42' title='bbox 1131 1117 3210 1147; x_wconf 95' lang='lat' dir='ltr'> </span> 
     </span>
    </p>
   </div>
   <div class='ocr_carea' id='block_1_9' title="bbox 1168 1149 3176 1219">
    <p class='ocr_par' dir='ltr' id='par_1_9' title="bbox 1168 1149 3176 1219">
     <span class='ocr_line' id='line_1_14' title="bbox 1168 1149 3176 1219; baseline 0.001 -16"><span class='ocrx_word' id='word_1_43' title='bbox 1168 1158 1214 1204; x_wconf 91' lang='lat'>1.</span> <span class='ocrx_word' id='word_1_44' title='bbox 1253 1150 1552 1218; x_wconf 80' lang='grc' dir='ltr'><strong>συγγνώμη.</strong></span> <span class='ocrx_word' id='word_1_45' title='bbox 1663 1156 1712 1201; x_wconf 80' lang='grc'>2.</span> <span class='ocrx_word' id='word_1_46' title='bbox 1749 1149 2074 1210; x_wconf 77' lang='grc' dir='ltr'><strong>ἀντίστασις.</strong></span> <span class='ocrx_word' id='word_1_47' title='bbox 2172 1155 2220 1202; x_wconf 84' lang='grc'>3.</span> <span class='ocrx_word' id='word_1_48' title='bbox 2258 1151 2598 1218; x_wconf 76' lang='grc' dir='ltr'><strong>μετάστασις.</strong></span> <span class='ocrx_word' id='word_1_49' title='bbox 2740 1158 2790 1205; x_wconf 85' lang='grc'>4.</span> <span class='ocrx_word' id='word_1_50' title='bbox 2829 1151 3176 1219; x_wconf 75' lang='grc' dir='ltr'>ἄν’τέγκλημα.</span> 
     </span>
    </p>
   </div>
   <div class='ocr_carea' id='block_1_10' title="bbox 506 1267 3214 1985">
    <p class='ocr_par' dir='ltr' id='par_1_10' title="bbox 506 1267 3214 1985">
     <span class='ocr_line' id='line_1_15' title="bbox 713 1267 3213 1374; baseline 0 -36"><span class='ocrx_word' id='word_1_51' title='bbox 713 1275 1180 1348; x_wconf 80' lang='lat' dir='ltr'><strong>Quintilianus</strong></span> <span class='ocrx_word' id='word_1_52' title='bbox 1229 1277 1462 1357; x_wconf 86' lang='lat' dir='ltr'>igitur,</span> <span class='ocrx_word' id='word_1_53' title='bbox 1512 1296 1668 1343; x_wconf 90' lang='lat' dir='ltr'>cum</span> <span class='ocrx_word' id='word_1_54' title='bbox 1712 1278 1783 1340; x_wconf 89' lang='lat' dir='ltr'>in</span> <span class='ocrx_word' id='word_1_55' title='bbox 1830 1267 2123 1339; x_wconf 82' lang='lat' dir='ltr'>statibus</span> <span class='ocrx_word' id='word_1_56' title='bbox 2170 1277 2626 1374; x_wconf 81' lang='lat' dir='ltr'>disponendis</span> <span class='ocrx_word' id='word_1_57' title='bbox 2674 1279 2759 1340; x_wconf 88' lang='lat' dir='ltr'>ad</span> <span class='ocrx_word' id='word_1_58' title='bbox 2792 1275 3213 1368; x_wconf 69' lang='lat' dir='ltr'><strong><em>quaestiones,</em></strong></span> 
     </span>
     <span class='ocr_line' id='line_1_16' title="bbox 506 1375 3213 1465; baseline 0 -22"><span class='ocrx_word' id='word_1_59' title='bbox 506 1400 680 1460; x_wconf 87' lang='lat' dir='ltr'>quas</span> <span class='ocrx_word' id='word_1_60' title='bbox 746 1385 812 1444; x_wconf 92' lang='lat' dir='ltr'>in</span> <span class='ocrx_word' id='word_1_61' title='bbox 877 1375 1237 1444; x_wconf 69' lang='lat' dir='ltr'><em>rationales</em></span> <span class='ocrx_word' id='word_1_62' title='bbox 1301 1390 1368 1445; x_wconf 86' lang='lat' dir='ltr'>et</span> <span class='ocrx_word' id='word_1_63' title='bbox 1430 1385 1502 1444; x_wconf 92' lang='lat' dir='ltr'>in</span> <span class='ocrx_word' id='word_1_64' title='bbox 1541 1375 1800 1465; x_wconf 71' lang='lat' dir='ltr'>leqalea</span> <span class='ocrx_word' id='word_1_65' title='bbox 1865 1381 2119 1458; x_wconf 88' lang='lat' dir='ltr'>divisit,</span> <span class='ocrx_word' id='word_1_66' title='bbox 2196 1382 2419 1458; x_wconf 86' lang='lat' dir='ltr'>rediit,</span> <span class='ocrx_word' id='word_1_67' title='bbox 2498 1384 2987 1462; x_wconf 74' lang='lat' dir='ltr'>Hermagorae,</span> <span class='ocrx_word' id='word_1_68' title='bbox 3064 1382 3213 1445; x_wconf 89' lang='lat' dir='ltr'>sive</span> 
     </span>
     <span class='ocr_line' id='line_1_17' title="bbox 508 1486 3212 1568; baseline 0 -19"><span class='ocrx_word' id='word_1_69' title='bbox 508 1489 652 1549; x_wconf 89' lang='lat' dir='ltr'>eius</span> <span class='ocrx_word' id='word_1_70' title='bbox 717 1486 938 1549; x_wconf 87' lang='lat' dir='ltr'>libros</span> <span class='ocrx_word' id='word_1_71' title='bbox 1005 1488 1198 1566; x_wconf 90' lang='lat' dir='ltr'>ipsos</span> <span class='ocrx_word' id='word_1_72' title='bbox 1265 1489 1435 1568; x_wconf 88' lang='lat' dir='ltr'>legit</span> <span class='ocrx_word' id='word_1_73' title='bbox 1497 1488 1646 1550; x_wconf 88' lang='lat' dir='ltr'>sive</span> <span class='ocrx_word' id='word_1_74' title='bbox 1703 1506 1842 1550; x_wconf 93' lang='lat' dir='ltr'>non</span> <span class='ocrx_word' id='word_1_75' title='bbox 1890 1487 2079 1566; x_wconf 86' lang='lat' dir='ltr'>legit,</span> <span class='ocrx_word' id='word_1_76' title='bbox 2144 1487 2484 1550; x_wconf 89' lang='lat' dir='ltr'>rationem</span> <span class='ocrx_word' id='word_1_77' title='bbox 2531 1489 2807 1550; x_wconf 85' lang='lat' dir='ltr'>videtur</span> <span class='ocrx_word' id='word_1_78' title='bbox 2872 1488 3212 1551; x_wconf 90' lang='lat' dir='ltr'>habuisse</span> 
     </span>
     <span class='ocr_line' id='line_1_18' title="bbox 508 1587 3214 1672; baseline 0.001 -19"><span class='ocrx_word' id='word_1_79' title='bbox 508 1590 728 1663; x_wconf 87' lang='lat' dir='ltr'>Quem</span> <span class='ocrx_word' id='word_1_80' title='bbox 773 1609 939 1654; x_wconf 86' lang='lat' dir='ltr'>vero</span> <span class='ocrx_word' id='word_1_81' title='bbox 1005 1595 1424 1672; x_wconf 82' lang='lat' dir='ltr'><strong>scriptorem</strong></span> <span class='ocrx_word' id='word_1_82' title='bbox 1471 1599 1747 1655; x_wconf 89' lang='lat' dir='ltr'>secutus</span> <span class='ocrx_word' id='word_1_83' title='bbox 1794 1587 2275 1652; x_wconf 69' lang='lat' dir='ltr'>translationem</span> <span class='ocrx_word' id='word_1_84' title='bbox 2320 1592 2711 1671; x_wconf 81' lang='lat' dir='ltr'>excluserit,</span> <span class='ocrx_word' id='word_1_85' title='bbox 2760 1599 3023 1656; x_wconf 84' lang='lat' dir='ltr'>certum</span> <span class='ocrx_word' id='word_1_86' title='bbox 3068 1592 3214 1655; x_wconf 85' lang='lat' dir='ltr'>fere</span> 
     </span>
     <span class='ocr_line' id='line_1_19' title="bbox 507 1681 3211 1776; baseline 0.001 -19"><span class='ocrx_word' id='word_1_87' title='bbox 507 1715 660 1758; x_wconf 88' lang='lat' dir='ltr'>esse</span> <span class='ocrx_word' id='word_1_88' title='bbox 707 1696 1024 1758; x_wconf 84' lang='lat' dir='ltr'>dixerim.</span> <span class='ocrx_word' id='word_1_89' title='bbox 1073 1697 1348 1760; x_wconf 87' lang='lat' dir='ltr'>Celsum</span> <span class='ocrx_word' id='word_1_90' title='bbox 1383 1702 1564 1760; x_wconf 89' lang='lat' dir='ltr'>enim</span> <span class='ocrx_word' id='word_1_91' title='bbox 1614 1715 1772 1759; x_wconf 90' lang='lat' dir='ltr'>cum</span> <span class='ocrx_word' id='word_1_92' title='bbox 1820 1715 1967 1760; x_wconf 89' lang='lat' dir='ltr'>eam</span> <span class='ocrx_word' id='word_1_93' title='bbox 2016 1715 2157 1758; x_wconf 91' lang='lat' dir='ltr'>non</span> <span class='ocrx_word' id='word_1_94' title='bbox 2201 1696 2553 1776; x_wconf 84' lang='lat' dir='ltr'>recepisse</span> <span class='ocrx_word' id='word_1_95' title='bbox 2599 1681 2867 1760; x_wconf 82' lang='lat' dir='ltr'>constat</span> <span class='ocrx_word' id='word_1_96' title='bbox 2903 1698 3211 1776; x_wconf 88' lang='lat' dir='ltr'>(Quintil.</span> 
     </span>
     <span class='ocr_line' id='line_1_20' title="bbox 510 1779 3211 1893; baseline 0.001 -32"><span class='ocrx_word' id='word_1_97' title='bbox 510 1801 617 1893; x_wconf 82' lang='grc' dir='ltr'>ΙΙΙ</span> <span class='ocrx_word' id='word_1_98' title='bbox 667 1808 721 1878; x_wconf 87' lang='lat'>6,</span> <span class='ocrx_word' id='word_1_99' title='bbox 771 1802 902 1881; x_wconf 89' lang='lat'><strong>38),</strong></span> <span class='ocrx_word' id='word_1_100' title='bbox 951 1808 1095 1866; x_wconf 91' lang='lat' dir='ltr'>tum</span> <span class='ocrx_word' id='word_1_101' title='bbox 1161 1801 1453 1865; x_wconf 88' lang='lat' dir='ltr'>aliorum</span> <span class='ocrx_word' id='word_1_102' title='bbox 1519 1779 1927 1864; x_wconf 77' lang='lat' dir='ltr'>sententiam</span> <span class='ocrx_word' id='word_1_103' title='bbox 1992 1801 2333 1864; x_wconf 82' lang='lat' dir='ltr'>refutasse</span> <span class='ocrx_word' id='word_1_104' title='bbox 2400 1804 2550 1864; x_wconf 84' lang='lat' dir='ltr'>veri</span> <span class='ocrx_word' id='word_1_105' title='bbox 2614 1801 3043 1865; x_wconf 88' lang='lat' dir='ltr'>simillimum</span> <span class='ocrx_word' id='word_1_106' title='bbox 3092 1809 3211 1865; x_wconf 90' lang='lat' dir='ltr'>est.</span> 
     </span>
     <span class='ocr_line' id='line_1_21' title="bbox 509 1905 3211 1985; baseline 0 -18"><span class='ocrx_word' id='word_1_107' title='bbox 509 1905 752 1968; x_wconf 89' lang='lat' dir='ltr'>Nonne</span> <span class='ocrx_word' id='word_1_108' title='bbox 785 1906 1002 1984; x_wconf 87' lang='lat' dir='ltr'>igitur</span> <span class='ocrx_word' id='word_1_109' title='bbox 1033 1905 1320 1968; x_wconf 86' lang='lat' dir='ltr'>Fabium</span> <span class='ocrx_word' id='word_1_110' title='bbox 1353 1925 1438 1969; x_wconf 85' lang='lat' dir='ltr'>ex</span> <span class='ocrx_word' id='word_1_111' title='bbox 1470 1906 1655 1969; x_wconf 91' lang='lat' dir='ltr'>illius</span> <span class='ocrx_word' id='word_1_112' title='bbox 1703 1906 1905 1968; x_wconf 85' lang='lat' dir='ltr'>libris</span> <span class='ocrx_word' id='word_1_113' title='bbox 1938 1912 2365 1984; x_wconf 88' lang='lat' dir='ltr'>argumenta,</span> <span class='ocrx_word' id='word_1_114' title='bbox 2401 1906 2655 1985; x_wconf 88' lang='lat' dir='ltr'>quibus</span> <span class='ocrx_word' id='word_1_115' title='bbox 2687 1906 3211 1970; x_wconf 81' lang='lat' dir='ltr'>translationem</span> 
     </span>
    </p>
   </div>
   <div class='ocr_carea' id='block_1_11' title="bbox 514 2009 3209 2195">
    <p class='ocr_par' dir='ltr' id='par_1_11' title="bbox 514 2009 3209 2195">
     <span class='ocr_line' id='line_1_22' title="bbox 514 2009 3209 2092; baseline 0.001 -20"><span class='ocrx_word' id='word_1_116' title='bbox 514 2012 806 2073; x_wconf 89' lang='lat' dir='ltr'>statibus</span> <span class='ocrx_word' id='word_1_117' title='bbox 855 2030 993 2073; x_wconf 90' lang='lat' dir='ltr'>non</span> <span class='ocrx_word' id='word_1_118' title='bbox 1043 2029 1192 2074; x_wconf 90' lang='lat' dir='ltr'>esse</span> <span class='ocrx_word' id='word_1_119' title='bbox 1244 2012 1832 2074; x_wconf 84' lang='lat' dir='ltr'>adnumerandam</span> <span class='ocrx_word' id='word_1_120' title='bbox 1898 2009 2246 2090; x_wconf 88' lang='lat' dir='ltr'>probaret,</span> <span class='ocrx_word' id='word_1_121' title='bbox 2293 2012 2602 2074; x_wconf 89' lang='lat' dir='ltr'>hausisse</span> <span class='ocrx_word' id='word_1_122' title='bbox 2652 2011 3018 2092; x_wconf 85' lang='lat' dir='ltr'>probabile</span> <span class='ocrx_word' id='word_1_123' title='bbox 3060 2013 3209 2074; x_wconf 72' lang='lat' dir='ltr'>est?</span> 
     </span>
     <span class='ocr_line' id='line_1_23' title="bbox 516 2115 1880 2195; baseline 0 -18"><span class='ocrx_word' id='word_1_124' title='bbox 516 2115 712 2178; x_wconf 91' lang='lat' dir='ltr'>Adde</span> <span class='ocrx_word' id='word_1_125' title='bbox 760 2117 951 2195; x_wconf 92' lang='lat' dir='ltr'>quod</span> <span class='ocrx_word' id='word_1_126' title='bbox 1003 2115 1110 2177; x_wconf 92' lang='lat' dir='ltr'>III</span> <span class='ocrx_word' id='word_1_127' title='bbox 1157 2125 1212 2191; x_wconf 88' lang='grc'>6,</span> <span class='ocrx_word' id='word_1_128' title='bbox 1261 2121 1338 2177; x_wconf 88' lang='grc'>76</span> <span class='ocrx_word' id='word_1_129' title='bbox 1389 2115 1560 2178; x_wconf 87' lang='lat' dir='ltr'>haec</span> <span class='ocrx_word' id='word_1_130' title='bbox 1607 2115 1880 2179; x_wconf 84' lang='lat' dir='ltr'>scribit:</span> 
     </span>
    </p>
   </div>
   <div class='ocr_carea' id='block_1_12' title="bbox 492 2215 3217 4185">
    <p class='ocr_par' dir='ltr' id='par_1_12' title="bbox 492 2215 3216 3332">
     <span class='ocr_line' id='line_1_24' title="bbox 717 2215 3213 2298; baseline 0.001 -20"><span class='ocrx_word' id='word_1_131' title='bbox 717 2219 808 2280; x_wconf 78' lang='lat' dir='ltr'>At</span> <span class='ocrx_word' id='word_1_132' title='bbox 844 2218 1009 2280; x_wconf 77' lang='lat' dir='ltr'>enim</span> <span class='ocrx_word' id='word_1_133' title='bbox 1033 2217 1236 2281; x_wconf 75' lang='lat' dir='ltr'>simile</span> <span class='ocrx_word' id='word_1_134' title='bbox 1257 2228 1348 2282; x_wconf 73' lang='lat' dir='ltr'>eat</span> <span class='ocrx_word' id='word_1_135' title='bbox 1375 2215 1476 2280; x_wconf 74' lang='lat' dir='ltr'>illi</span> <span class='ocrx_word' id='word_1_136' title='bbox 1495 2216 1760 2280; x_wconf 81' lang='lat' dir='ltr'>‘&#39;kabeo</span> <span class='ocrx_word' id='word_1_137' title='bbox 1731 2239 1857 2296; x_wconf 73' lang='grc' dir='ltr'>ωε,</span> <span class='ocrx_word' id='word_1_138' title='bbox 1895 2239 2021 2279; x_wconf 81' lang='lat' dir='ltr'>non</span> <span class='ocrx_word' id='word_1_139' title='bbox 2042 2216 2247 2280; x_wconf 74' lang='lat' dir='ltr'>habea’</span> <span class='ocrx_word' id='word_1_140' title='bbox 2279 2216 2427 2280; x_wconf 78' lang='lat' dir='ltr'>hoc:</span> <span class='ocrx_word' id='word_1_141' title='bbox 2452 2215 2763 2298; x_wconf 70' lang='lat' dir='ltr'>occidisti,</span> <span class='ocrx_word' id='word_1_142' title='bbox 2794 2227 2959 2282; x_wconf 80' lang='lat' dir='ltr'>recte</span> <span class='ocrx_word' id='word_1_143' title='bbox 2991 2217 3213 2284; x_wconf 75' lang='lat' dir='ltr'>occidi.</span> 
     </span>
     <span class='ocr_line' id='line_1_25' title="bbox 513 2320 3211 2409; baseline 0 -25"><span class='ocrx_word' id='word_1_144' title='bbox 513 2321 666 2384; x_wconf 85' lang='lat' dir='ltr'>Non</span> <span class='ocrx_word' id='word_1_145' title='bbox 717 2344 894 2408; x_wconf 61' lang='lat' dir='ltr'>neyo,</span> <span class='ocrx_word' id='word_1_146' title='bbox 941 2320 1058 2386; x_wconf 77' lang='lat' dir='ltr'>sed</span> <span class='ocrx_word' id='word_1_147' title='bbox 1107 2344 1218 2385; x_wconf 84' lang='lat' dir='ltr'>nec</span> <span class='ocrx_word' id='word_1_148' title='bbox 1267 2322 1417 2384; x_wconf 76' lang='lat' dir='ltr'>haec</span> <span class='ocrx_word' id='word_1_149' title='bbox 1466 2345 1568 2387; x_wconf 69' lang='lat' dir='ltr'>rea</span> <span class='ocrx_word' id='word_1_150' title='bbox 1615 2331 1849 2387; x_wconf 74' lang='lat' dir='ltr'>statum</span> <span class='ocrx_word' id='word_1_151' title='bbox 1875 2324 2089 2409; x_wconf 79' lang='lat' dir='ltr'>facit:</span> <span class='ocrx_word' id='word_1_152' title='bbox 2139 2322 2481 2394; x_wconf 58' lang='lat' dir='ltr'>nonenim,</span> <span class='ocrx_word' id='word_1_153' title='bbox 2519 2329 2670 2384; x_wconf 74' lang='lat' dir='ltr'>aunt</span> <span class='ocrx_word' id='word_1_154' title='bbox 2711 2321 2831 2385; x_wconf 77' lang='lat' dir='ltr'>hae</span> <span class='ocrx_word' id='word_1_155' title='bbox 2872 2323 3211 2407; x_wconf 73' lang='lat' dir='ltr'>proposi·</span> 
     </span>
     <span class='ocr_line' id='line_1_26' title="bbox 510 2425 3209 2512; baseline 0.002 -25"><span class='ocrx_word' id='word_1_156' title='bbox 510 2428 755 2491; x_wconf 70' lang='lat' dir='ltr'>tiones</span> <span class='ocrx_word' id='word_1_157' title='bbox 831 2425 1112 2510; x_wconf 71' lang='lat' dir='ltr'>(alioqui</span> <span class='ocrx_word' id='word_1_158' title='bbox 1186 2449 1380 2490; x_wconf 69' lang='lat' dir='ltr'>causa</span> <span class='ocrx_word' id='word_1_159' title='bbox 1457 2449 1582 2490; x_wconf 80' lang='lat' dir='ltr'>non</span> <span class='ocrx_word' id='word_1_160' title='bbox 1657 2426 2141 2512; x_wconf 74' lang='lat' dir='ltr'>ewph&#39;cab&#39;iiur)‚</span> <span class='ocrx_word' id='word_1_161' title='bbox 2224 2425 2333 2488; x_wconf 77' lang='lat' dir='ltr'>sed</span> <span class='ocrx_word' id='word_1_162' title='bbox 2409 2448 2548 2488; x_wconf 76' lang='lat' dir='ltr'>cum</span> <span class='ocrx_word' id='word_1_163' title='bbox 2622 2427 2758 2490; x_wconf 75' lang='lat' dir='ltr'>auia</span> <span class='ocrx_word' id='word_1_164' title='bbox 2836 2427 3209 2492; x_wconf 72' lang='lat' dir='ltr'>rationibtw.</span> 
     </span>
     <span class='ocr_line' id='line_1_27' title="bbox 511 2531 3209 2616; baseline 0.001 -21"><span class='ocrx_word' id='word_1_165' title='bbox 511 2534 678 2610; x_wconf 83' lang='lat' dir='ltr'>Nam</span> <span class='ocrx_word' id='word_1_166' title='bbox 725 2535 1182 2598; x_wconf 88' lang='lat' dir='ltr'>enuntiatum:</span> <span class='ocrx_word' id='word_1_167' title='bbox 1228 2553 1352 2594; x_wconf 76' lang='lat' dir='ltr'>non</span> <span class='ocrx_word' id='word_1_168' title='bbox 1403 2533 1568 2594; x_wconf 81' lang='lat' dir='ltr'>enim</span> <span class='ocrx_word' id='word_1_169' title='bbox 1614 2533 1730 2595; x_wconf 78' lang='lat' dir='ltr'>hae</span> <span class='ocrx_word' id='word_1_170' title='bbox 1761 2542 1909 2596; x_wconf 74' lang='lat' dir='ltr'>aaut</span> <span class='ocrx_word' id='word_1_171' title='bbox 1944 2533 2407 2616; x_wconf 71' lang='lat' dir='ltr'>propositiones</span> <span class='ocrx_word' id='word_1_172' title='bbox 2440 2531 2623 2597; x_wconf 87' lang='lat' dir='ltr'>Celsi</span> <span class='ocrx_word' id='word_1_173' title='bbox 2656 2534 2893 2597; x_wconf 84' lang='lat' dir='ltr'>verbis</span> <span class='ocrx_word' id='word_1_174' title='bbox 2946 2533 3055 2612; x_wconf 80' lang='lat' dir='ltr'>(fr.</span> <span class='ocrx_word' id='word_1_175' title='bbox 3090 2535 3209 2610; x_wconf 88' lang='lat'>4.):</span> 
     </span>
     <span class='ocr_line' id='line_1_28' title="bbox 509 2629 3210 2721; baseline 0 -23"><span class='ocrx_word' id='word_1_176' title='bbox 509 2645 741 2698; x_wconf 76' lang='lat' dir='ltr'>statum</span> <span class='ocrx_word' id='word_1_177' title='bbox 786 2658 908 2700; x_wconf 76' lang='lat' dir='ltr'>non</span> <span class='ocrx_word' id='word_1_178' title='bbox 957 2659 1001 2700; x_wconf 85' lang='lat' dir='ltr'>a</span> <span class='ocrx_word' id='word_1_179' title='bbox 1061 2635 1426 2720; x_wconf 72' lang='lat' dir='ltr'>depulsione</span> <span class='ocrx_word' id='word_1_180' title='bbox 1484 2638 1670 2720; x_wconf 72' lang='lat' dir='ltr'>sumi,</span> <span class='ocrx_word' id='word_1_181' title='bbox 1735 2637 1845 2700; x_wconf 79' lang='lat' dir='ltr'>secl</span> <span class='ocrx_word' id='word_1_182' title='bbox 1896 2634 1975 2698; x_wconf 83' lang='lat' dir='ltr'>ab</span> <span class='ocrx_word' id='word_1_183' title='bbox 2019 2659 2105 2715; x_wconf 88' lang='lat' dir='ltr'>e0,</span> <span class='ocrx_word' id='word_1_184' title='bbox 2153 2637 2265 2719; x_wconf 75' lang='lat' dir='ltr'>qui</span> <span class='ocrx_word' id='word_1_185' title='bbox 2296 2629 2799 2721; x_wconf 75' lang='lat' dir='ltr'>propositionem</span> <span class='ocrx_word' id='word_1_186' title='bbox 2842 2657 3025 2700; x_wconf 69' lang='lat' dir='ltr'>attam</span> <span class='ocrx_word' id='word_1_187' title='bbox 3068 2659 3210 2698; x_wconf 85' lang='lat' dir='ltr'>con-</span> 
     </span>
     <span class='ocr_line' id='line_1_29' title="bbox 492 2728 3214 2825; baseline 0.001 -22"><span class='ocrx_word' id='word_1_188' title='bbox 492 2739 714 2825; x_wconf 68' lang='lat' dir='ltr'>jz&#39;tmzet</span> <span class='ocrx_word' id='word_1_189' title='bbox 755 2743 980 2806; x_wconf 91' lang='lat' dir='ltr'>simile</span> <span class='ocrx_word' id='word_1_190' title='bbox 1014 2751 1151 2821; x_wconf 89' lang='lat' dir='ltr'>est;</span> <span class='ocrx_word' id='word_1_191' title='bbox 1203 2753 1389 2807; x_wconf 89' lang='lat' dir='ltr'>certe</span> <span class='ocrx_word' id='word_1_192' title='bbox 1431 2746 1913 2820; x_wconf 78' lang='lat' dir='ltr'>QuintilianUS‚</span> <span class='ocrx_word' id='word_1_193' title='bbox 1962 2763 2117 2807; x_wconf 88' lang='lat' dir='ltr'>cum</span> <span class='ocrx_word' id='word_1_194' title='bbox 2167 2743 2255 2807; x_wconf 88' lang='lat' dir='ltr'>de</span> <span class='ocrx_word' id='word_1_195' title='bbox 2300 2761 2401 2821; x_wconf 88' lang='lat' dir='ltr'>e0,</span> <span class='ocrx_word' id='word_1_196' title='bbox 2450 2744 2637 2822; x_wconf 91' lang='lat' dir='ltr'>quod</span> <span class='ocrx_word' id='word_1_197' title='bbox 2684 2731 2935 2806; x_wconf 72' lang='lat' dir='ltr'>statu&#39;m</span> <span class='ocrx_word' id='word_1_198' title='bbox 2982 2728 3214 2821; x_wconf 82' lang='lat' dir='ltr'>faciat,</span> 
     </span>
     <span class='ocr_line' id='line_1_30' title="bbox 512 2833 3214 2929; baseline 0 -20"><span class='ocrx_word' id='word_1_199' title='bbox 512 2835 830 2927; x_wconf 87' lang='lat' dir='ltr'>disputat,</span> <span class='ocrx_word' id='word_1_200' title='bbox 896 2867 1168 2928; x_wconf 84' lang='lat' dir='ltr'>semper</span> <span class='ocrx_word' id='word_1_201' title='bbox 1233 2849 1318 2912; x_wconf 92' lang='lat' dir='ltr'>de</span> <span class='ocrx_word' id='word_1_202' title='bbox 1385 2849 1793 2928; x_wconf 88' lang='lat' dir='ltr'>depulsione</span> <span class='ocrx_word' id='word_1_203' title='bbox 1862 2850 1956 2929; x_wconf 88' lang='lat' dir='ltr'>(et</span> <span class='ocrx_word' id='word_1_204' title='bbox 2003 2849 2430 2924; x_wconf 86' lang='lat' dir='ltr'>intentione),</span> <span class='ocrx_word' id='word_1_205' title='bbox 2498 2833 2839 2926; x_wconf 82' lang='lat' dir='ltr'>nusquam</span> <span class='ocrx_word' id='word_1_206' title='bbox 2898 2848 3035 2910; x_wconf 92' lang='lat' dir='ltr'>nisi</span> <span class='ocrx_word' id='word_1_207' title='bbox 3084 2848 3214 2911; x_wconf 93' lang='lat' dir='ltr'>hoc</span> 
     </span>
     <span class='ocr_line' id='line_1_31' title="bbox 517 2953 3216 3034; baseline 0 -20"><span class='ocrx_word' id='word_1_208' title='bbox 517 2955 669 3015; x_wconf 92' lang='lat' dir='ltr'>loco</span> <span class='ocrx_word' id='word_1_209' title='bbox 735 2953 820 3014; x_wconf 87' lang='lat' dir='ltr'>de</span> <span class='ocrx_word' id='word_1_210' title='bbox 868 2956 1466 3032; x_wconf 87' lang='lat' dir='ltr'>propositionibus</span> <span class='ocrx_word' id='word_1_211' title='bbox 1532 2956 1863 3034; x_wconf 85' lang='lat' dir='ltr'>loquitur,</span> <span class='ocrx_word' id='word_1_212' title='bbox 1940 2955 2130 3033; x_wconf 89' lang='lat' dir='ltr'>quod</span> <span class='ocrx_word' id='word_1_213' title='bbox 2178 2972 2337 3016; x_wconf 90' lang='lat' dir='ltr'>sane</span> <span class='ocrx_word' id='word_1_214' title='bbox 2386 2953 2832 3015; x_wconf 85' lang='lat' dir='ltr'>memorabile</span> <span class='ocrx_word' id='word_1_215' title='bbox 2880 2959 2999 3015; x_wconf 88' lang='lat' dir='ltr'>est.</span> <span class='ocrx_word' id='word_1_216' title='bbox 3076 2953 3216 3016; x_wconf 89' lang='lat' dir='ltr'>Cur</span> 
     </span>
     <span class='ocr_line' id='line_1_32' title="bbox 513 3057 3216 3140; baseline -0.001 -21"><span class='ocrx_word' id='word_1_217' title='bbox 513 3060 620 3119; x_wconf 90' lang='lat' dir='ltr'>hic</span> <span class='ocrx_word' id='word_1_218' title='bbox 670 3076 707 3120; x_wconf 90' lang='lat' dir='ltr'>a</span> <span class='ocrx_word' id='word_1_219' title='bbox 752 3061 1034 3122; x_wconf 86' lang='lat' dir='ltr'>ratione·</span> <span class='ocrx_word' id='word_1_220' title='bbox 1067 3067 1396 3122; x_wconf 89' lang='lat' dir='ltr'>consueta</span> <span class='ocrx_word' id='word_1_221' title='bbox 1445 3059 1780 3122; x_wconf 72' lang='lat' dir='ltr'>discedit?</span> <span class='ocrx_word' id='word_1_222' title='bbox 1833 3059 2265 3140; x_wconf 84' lang='lat' dir='ltr'>RespondeO,</span> <span class='ocrx_word' id='word_1_223' title='bbox 2315 3058 2503 3137; x_wconf 86' lang='lat' dir='ltr'>quod</span> <span class='ocrx_word' id='word_1_224' title='bbox 2538 3057 2863 3119; x_wconf 87' lang='lat' dir='ltr'>Cornelio</span> <span class='ocrx_word' id='word_1_225' title='bbox 2907 3075 3078 3118; x_wconf 89' lang='lat' dir='ltr'>usus</span> <span class='ocrx_word' id='word_1_226' title='bbox 3112 3061 3216 3119; x_wconf 91' lang='lat' dir='ltr'>est</span> 
     </span>
     <span class='ocr_line' id='line_1_33' title="bbox 513 3161 3215 3243; baseline -0.001 -19"><span class='ocrx_word' id='word_1_227' title='bbox 513 3170 809 3240; x_wconf 85' lang='lat' dir='ltr'>auctore,</span> <span class='ocrx_word' id='word_1_228' title='bbox 858 3183 1082 3243; x_wconf 87' lang='lat' dir='ltr'>quem,</span> <span class='ocrx_word' id='word_1_229' title='bbox 1132 3182 1285 3226; x_wconf 90' lang='lat' dir='ltr'>cum</span> <span class='ocrx_word' id='word_1_230' title='bbox 1335 3172 1633 3227; x_wconf 88' lang='lat' dir='ltr'>statuum</span> <span class='ocrx_word' id='word_1_231' title='bbox 1682 3165 1886 3228; x_wconf 86' lang='lat' dir='ltr'>fieret</span> <span class='ocrx_word' id='word_1_232' title='bbox 1943 3168 2219 3240; x_wconf 89' lang='lat' dir='ltr'>mentio,</span> <span class='ocrx_word' id='word_1_233' title='bbox 2267 3162 2769 3243; x_wconf 86' lang='lat' dir='ltr'>propositionis</span> <span class='ocrx_word' id='word_1_234' title='bbox 2816 3161 3215 3225; x_wconf 89' lang='lat' dir='ltr'>adhibuisse</span> 
     </span>
     <span class='ocr_line' id='line_1_34' title="bbox 515 3272 1408 3332; baseline 0.002 -2"><span class='ocrx_word' id='word_1_235' title='bbox 515 3287 756 3331; x_wconf 87' lang='lat' dir='ltr'>vocem</span> <span class='ocrx_word' id='word_1_236' title='bbox 803 3287 944 3332; x_wconf 91' lang='lat' dir='ltr'>non</span> <span class='ocrx_word' id='word_1_237' title='bbox 994 3276 1095 3331; x_wconf 87' lang='lat' dir='ltr'>est</span> <span class='ocrx_word' id='word_1_238' title='bbox 1142 3272 1408 3332; x_wconf 89' lang='lat' dir='ltr'>mirum.</span> 
     </span>
    </p>

    <p class='ocr_par' dir='ltr' id='par_1_13' title="bbox 515 3372 3217 4185">
     <span class='ocr_line' id='line_1_35' title="bbox 721 3372 3213 3453; baseline 0 -20"><span class='ocrx_word' id='word_1_239' title='bbox 721 3373 988 3435; x_wconf 89' lang='lat' dir='ltr'>Deinde</span> <span class='ocrx_word' id='word_1_240' title='bbox 1036 3372 1280 3436; x_wconf 86' lang='lat' dir='ltr'>Celsus</span> <span class='ocrx_word' id='word_1_241' title='bbox 1331 3376 1776 3438; x_wconf 81' lang='lat' dir='ltr'>Aristotelem</span> <span class='ocrx_word' id='word_1_242' title='bbox 1834 3381 2110 3437; x_wconf 89' lang='lat' dir='ltr'>secutus</span> <span class='ocrx_word' id='word_1_243' title='bbox 2170 3380 2505 3453; x_wconf 86' lang='lat' dir='ltr'>quattuor</span> <span class='ocrx_word' id='word_1_244' title='bbox 2552 3373 2732 3435; x_wconf 88' lang='lat' dir='ltr'>solas</span> <span class='ocrx_word' id='word_1_245' title='bbox 2780 3377 3011 3452; x_wconf 85' lang='lat' dir='ltr'>partes</span> <span class='ocrx_word' id='word_1_246' title='bbox 3058 3389 3213 3433; x_wconf 90' lang='lat' dir='ltr'>cau-</span> 
     </span>
     <span class='ocr_line' id='line_1_36' title="bbox 515 3475 3213 3556; baseline -0 -18"><span class='ocrx_word' id='word_1_247' title='bbox 515 3496 748 3538; x_wconf 90' lang='lat' dir='ltr'>sarum</span> <span class='ocrx_word' id='word_1_248' title='bbox 794 3478 1216 3542; x_wconf 86' lang='lat' dir='ltr'>iudicialium</span> <span class='ocrx_word' id='word_1_249' title='bbox 1267 3483 1516 3542; x_wconf 87' lang='lat' dir='ltr'>statuit.</span> <span class='ocrx_word' id='word_1_250' title='bbox 1568 3480 2036 3552; x_wconf 85' lang='lat' dir='ltr'>Quintilianus</span> <span class='ocrx_word' id='word_1_251' title='bbox 2082 3486 2311 3540; x_wconf 90' lang='lat' dir='ltr'>autem</span> <span class='ocrx_word' id='word_1_252' title='bbox 2363 3495 2450 3546; x_wconf 83' lang='lat' dir='ltr'>ea,</span> <span class='ocrx_word' id='word_1_253' title='bbox 2505 3494 2680 3556; x_wconf 88' lang='lat' dir='ltr'>quae</span> <span class='ocrx_word' id='word_1_254' title='bbox 2728 3476 2812 3536; x_wconf 93' lang='lat' dir='ltr'>de</span> <span class='ocrx_word' id='word_1_255' title='bbox 2846 3475 3213 3554; x_wconf 87' lang='lat' dir='ltr'>Stagiritae</span> 
     </span>
     <span class='ocr_line' id='line_1_37' title="bbox 515 3579 3213 3663; baseline 0 -23"><span class='ocrx_word' id='word_1_256' title='bbox 515 3583 850 3644; x_wconf 87' lang='lat' dir='ltr'>sententia</span> <span class='ocrx_word' id='word_1_257' title='bbox 917 3583 1046 3660; x_wconf 91' lang='lat' dir='ltr'><strong>(III</strong></span> <span class='ocrx_word' id='word_1_258' title='bbox 1098 3592 1153 3660; x_wconf 87' lang='lat'>9,</span> <span class='ocrx_word' id='word_1_259' title='bbox 1204 3583 1268 3661; x_wconf 84' lang='lat'>5)</span> <span class='ocrx_word' id='word_1_260' title='bbox 1335 3585 1624 3663; x_wconf 73' lang='lat' dir='ltr'>profert,</span> <span class='ocrx_word' id='word_1_261' title='bbox 1693 3603 1778 3646; x_wconf 86' lang='lat' dir='ltr'>ex</span> <span class='ocrx_word' id='word_1_262' title='bbox 1829 3586 2013 3646; x_wconf 90' lang='lat' dir='ltr'>illius</span> <span class='ocrx_word' id='word_1_263' title='bbox 2061 3583 2262 3644; x_wconf 89' lang='lat' dir='ltr'>libris</span> <span class='ocrx_word' id='word_1_264' title='bbox 2326 3583 2651 3662; x_wconf 87' lang='lat' dir='ltr'>petivisse</span> <span class='ocrx_word' id='word_1_265' title='bbox 2700 3579 2867 3642; x_wconf 93' lang='lat' dir='ltr'>mihi</span> <span class='ocrx_word' id='word_1_266' title='bbox 2917 3579 3213 3642; x_wconf 86' lang='lat' dir='ltr'>videtur.</span> 
     </span>
     <span class='ocr_line' id='line_1_38' title="bbox 515 3683 3217 3770; baseline -0 -23"><span class='ocrx_word' id='word_1_267' title='bbox 515 3687 704 3758; x_wconf 83' lang='lat' dir='ltr'>Quae</span> <span class='ocrx_word' id='word_1_268' title='bbox 750 3705 915 3748; x_wconf 89' lang='lat' dir='ltr'>vero</span> <span class='ocrx_word' id='word_1_269' title='bbox 966 3687 1206 3750; x_wconf 87' lang='lat' dir='ltr'>Celsus</span> <span class='ocrx_word' id='word_1_270' title='bbox 1255 3689 1339 3751; x_wconf 90' lang='lat' dir='ltr'>de</span> <span class='ocrx_word' id='word_1_271' title='bbox 1389 3691 1685 3768; x_wconf 85' lang='lat' dir='ltr'>singulis</span> <span class='ocrx_word' id='word_1_272' title='bbox 1731 3691 2047 3770; x_wconf 85' lang='lat' dir='ltr'>partibus</span> <span class='ocrx_word' id='word_1_273' title='bbox 2094 3689 2421 3760; x_wconf 89' lang='lat' dir='ltr'>docuerit,</span> <span class='ocrx_word' id='word_1_274' title='bbox 2469 3704 2625 3747; x_wconf 91' lang='lat' dir='ltr'>cum</span> <span class='ocrx_word' id='word_1_275' title='bbox 2674 3704 2759 3746; x_wconf 87' lang='lat' dir='ltr'>ex</span> <span class='ocrx_word' id='word_1_276' title='bbox 2807 3683 3217 3770; x_wconf 84' lang='lat' dir='ltr'>fragmentis</span> 
     </span>
     <span class='ocr_line' id='line_1_39' title="bbox 516 3781 3213 3881; baseline -0.001 -29"><span class='ocrx_word' id='word_1_277' title='bbox 516 3797 660 3852; x_wconf 88' lang='lat' dir='ltr'>tum</span> <span class='ocrx_word' id='word_1_278' title='bbox 709 3811 794 3853; x_wconf 89' lang='lat' dir='ltr'>ex</span> <span class='ocrx_word' id='word_1_279' title='bbox 842 3793 999 3855; x_wconf 93' lang='lat' dir='ltr'>Iulii</span> <span class='ocrx_word' id='word_1_280' title='bbox 1047 3793 1401 3881; x_wconf 81' lang='lat' dir='ltr'>Severiani</span> <span class='ocrx_word' id='word_1_281' title='bbox 1447 3799 1833 3881; x_wconf 78' lang='lat' dir='ltr'>praeceptis</span> <span class='ocrx_word' id='word_1_282' title='bbox 1882 3801 1948 3857; x_wconf 92' lang='lat' dir='ltr'>et</span> <span class='ocrx_word' id='word_1_283' title='bbox 2004 3811 2087 3854; x_wconf 84' lang='lat' dir='ltr'>ex</span> <span class='ocrx_word' id='word_1_284' title='bbox 2136 3781 2391 3855; x_wconf 76' lang='lat' dir='ltr'>Isidori</span> <span class='ocrx_word' id='word_1_285' title='bbox 2442 3795 2661 3870; x_wconf 87' lang='lat' dir='ltr'>capite</span> <span class='ocrx_word' id='word_1_286' title='bbox 2710 3790 2853 3852; x_wconf 89' lang='lat' dir='ltr'><strong>VII.</strong></span> <span class='ocrx_word' id='word_1_287' title='bbox 2900 3806 3213 3867; x_wconf 88' lang='lat' dir='ltr'>magnam</span> 
     </span>
     <span class='ocr_line' id='line_1_40' title="bbox 515 3879 3215 3978; baseline -0.001 -22"><span class='ocrx_word' id='word_1_288' title='bbox 515 3903 776 3975; x_wconf 85' lang='lat' dir='ltr'>partem</span> <span class='ocrx_word' id='word_1_289' title='bbox 842 3915 1085 3960; x_wconf 89' lang='lat' dir='ltr'>eruere</span> <span class='ocrx_word' id='word_1_290' title='bbox 1141 3917 1530 3978; x_wconf 84' lang='lat' dir='ltr'>possumus,</span> <span class='ocrx_word' id='word_1_291' title='bbox 1597 3879 1692 3962; x_wconf 73' lang='lat' dir='ltr'>Ac</span> <span class='ocrx_word' id='word_1_292' title='bbox 1741 3901 2044 3978; x_wconf 87' lang='lat' dir='ltr'>primum</span> <span class='ocrx_word' id='word_1_293' title='bbox 2109 3899 2193 3959; x_wconf 92' lang='lat' dir='ltr'>de</span> <span class='ocrx_word' id='word_1_294' title='bbox 2240 3896 2646 3958; x_wconf 84' lang='lat' dir='ltr'>narratione</span> <span class='ocrx_word' id='word_1_295' title='bbox 2702 3911 3006 3972; x_wconf 89' lang='lat' dir='ltr'>agemus,</span> <span class='ocrx_word' id='word_1_296' title='bbox 3054 3897 3215 3972; x_wconf 91' lang='lat' dir='ltr'>quia</span> 
     </span>
     <span class='ocr_line' id='line_1_41' title="bbox 517 3998 3215 4084; baseline -0.001 -23"><span class='ocrx_word' id='word_1_297' title='bbox 517 4001 640 4062; x_wconf 90' lang='lat' dir='ltr'>hac</span> <span class='ocrx_word' id='word_1_298' title='bbox 688 4007 978 4066; x_wconf 85' lang='lat' dir='ltr'>tractata</span> <span class='ocrx_word' id='word_1_299' title='bbox 1024 4004 1290 4066; x_wconf 83' lang='lat' dir='ltr'>facilius</span> <span class='ocrx_word' id='word_1_300' title='bbox 1338 4006 1686 4084; x_wconf 83' lang='lat' dir='ltr'>explorari</span> <span class='ocrx_word' id='word_1_301' title='bbox 1735 4007 2007 4084; x_wconf 86' lang='lat' dir='ltr'>poterit,</span> <span class='ocrx_word' id='word_1_302' title='bbox 2056 4021 2228 4082; x_wconf 90' lang='lat' dir='ltr'>quae</span> <span class='ocrx_word' id='word_1_303' title='bbox 2276 4000 2599 4080; x_wconf 89' lang='lat' dir='ltr'>principii</span> <span class='ocrx_word' id='word_1_304' title='bbox 2635 4001 2945 4060; x_wconf 87' lang='lat' dir='ltr'>statuerit</span> <span class='ocrx_word' id='word_1_305' title='bbox 2976 3998 3215 4060; x_wconf 86' lang='lat' dir='ltr'>Celsus</span> 
     </span>
     <span class='ocr_line' id='line_1_42' title="bbox 515 4102 3024 4185; baseline -0.001 -19"><span class='ocrx_word' id='word_1_306' title='bbox 515 4113 895 4185; x_wconf 87' lang='lat' dir='ltr'>praecepta.</span> <span class='ocrx_word' id='word_1_307' title='bbox 951 4109 1091 4170; x_wconf 89' lang='lat' dir='ltr'>Iam</span> <span class='ocrx_word' id='word_1_308' title='bbox 1140 4109 1542 4180; x_wconf 87' lang='lat' dir='ltr'>Quintiliani</span> <span class='ocrx_word' id='word_1_309' title='bbox 1590 4116 1656 4172; x_wconf 90' lang='lat' dir='ltr'>et</span> <span class='ocrx_word' id='word_1_310' title='bbox 1700 4111 1858 4171; x_wconf 92' lang='lat' dir='ltr'>Iulii</span> <span class='ocrx_word' id='word_1_311' title='bbox 1907 4109 2255 4172; x_wconf 88' lang='lat' dir='ltr'>Severiani</span> <span class='ocrx_word' id='word_1_312' title='bbox 2303 4105 2519 4168; x_wconf 86' lang='lat' dir='ltr'>verba</span> <span class='ocrx_word' id='word_1_313' title='bbox 2566 4102 3024 4166; x_wconf 86' lang='lat' dir='ltr'>conferamus.</span> 
     </span>
    </p>
   </div>
   <div class='ocr_carea' id='block_1_13' title="bbox 871 4261 3005 4369">
    <p class='ocr_par' dir='ltr' id='par_1_14' title="bbox 871 4261 3005 4369">
     <span class='ocr_line' id='line_1_43' title="bbox 871 4261 3005 4369; baseline -0.003 -55"><span class='ocrx_word' id='word_1_314' title='bbox 871 4265 1250 4322; x_wconf 87' lang='lat' dir='ltr'>Quintilianus</span> <span class='ocrx_word' id='word_1_315' title='bbox 1289 4268 1363 4317; x_wconf 89' lang='lat' dir='ltr'>1v</span> <span class='ocrx_word' id='word_1_316' title='bbox 1404 4269 1452 4316; x_wconf 88' lang='grc'>2.</span> <span class='ocrx_word' id='word_1_317' title='bbox 1864 4298 1869 4369; x_wconf 49' lang='lat' dir='ltr'>i</span> <span class='ocrx_word' id='word_1_318' title='bbox 2124 4267 2235 4314; x_wconf 90' lang='lat' dir='ltr'>Iul.</span> <span class='ocrx_word' id='word_1_319' title='bbox 2274 4263 2556 4314; x_wconf 84' lang='lat' dir='ltr'>Severian.</span> <span class='ocrx_word' id='word_1_320' title='bbox 2598 4277 2653 4324; x_wconf 90' lang='lat' dir='ltr'>p.</span> <span class='ocrx_word' id='word_1_321' title='bbox 2690 4262 2811 4328; x_wconf 76' lang='lat'><strong>357,</strong></span> <span class='ocrx_word' id='word_1_322' title='bbox 2853 4261 2913 4310; x_wconf 79' lang='grc'>17</span> <span class='ocrx_word' id='word_1_323' title='bbox 2936 4272 3005 4308; x_wconf 84' lang='lat' dir='ltr'>ss.</span> 
     </span>
    </p>
   </div>
   <div class='ocr_carea' id='block_1_14' title="bbox 519 4363 3217 4876">
    <p class='ocr_par' dir='ltr' id='par_1_15' title="bbox 519 4363 3217 4613">
     <span class='ocr_line' id='line_1_44' title="bbox 655 4363 3217 4438; baseline -0.004 -18"><span class='ocrx_word' id='word_1_324' title='bbox 655 4374 736 4420; x_wconf 88' lang='grc'>31.</span> <span class='ocrx_word' id='word_1_325' title='bbox 777 4369 912 4418; x_wconf 79' lang='lat' dir='ltr'>Eum</span> <span class='ocrx_word' id='word_1_326' title='bbox 947 4370 1354 4438; x_wconf 74' lang='lat' dir='ltr'>(narrationem)</span> <span class='ocrx_word' id='word_1_327' title='bbox 1381 4373 1616 4436; x_wconf 76' lang='lat' dir='ltr'>plerique</span> <span class='ocrx_word' id='word_1_328' title='bbox 1651 4373 1811 4434; x_wconf 71' lang='lat' dir='ltr'>scrip-</span> <span class='ocrx_word' id='word_1_329' title='bbox 2058 4369 2389 4420; x_wconf 62' lang='lat' dir='ltr'>Nanatiom‘s</span> <span class='ocrx_word' id='word_1_330' title='bbox 2413 4373 2600 4416; x_wconf 75' lang='lat' dir='ltr'>certum</span> <span class='ocrx_word' id='word_1_331' title='bbox 2628 4371 2703 4414; x_wconf 71' lang='lat' dir='ltr'>est</span> <span class='ocrx_word' id='word_1_332' title='bbox 2728 4370 2829 4414; x_wconf 68' lang='lat' dir='ltr'>tres</span> <span class='ocrx_word' id='word_1_333' title='bbox 2854 4377 2967 4413; x_wconf 72' lang='lat' dir='ltr'>ene</span> <span class='ocrx_word' id='word_1_334' title='bbox 2990 4363 3217 4412; x_wconf 65' lang='lat' dir='ltr'>virtutes.-</span> 
     </span>
     <span class='ocr_line' id='line_1_45' title="bbox 521 4450 3212 4522; baseline -0.002 -18"><span class='ocrx_word' id='word_1_335' title='bbox 521 4463 653 4506; x_wconf 70' lang='lat' dir='ltr'>tores</span> <span class='ocrx_word' id='word_1_336' title='bbox 689 4461 1008 4520; x_wconf 65' lang='lat' dir='ltr'>niaximeqne</span> <span class='ocrx_word' id='word_1_337' title='bbox 1034 4461 1120 4522; x_wconf 74' lang='lat' dir='ltr'>qm·</span> <span class='ocrx_word' id='word_1_338' title='bbox 1141 4466 1260 4508; x_wconf 71' lang='lat' dir='ltr'>aaut</span> <span class='ocrx_word' id='word_1_339' title='bbox 1295 4459 1360 4508; x_wconf 85' lang='lat' dir='ltr'>ab</span> <span class='ocrx_word' id='word_1_340' title='bbox 1387 4459 1610 4509; x_wconf 73' lang='lat' dir='ltr'>Isocrate</span> <span class='ocrx_word' id='word_1_341' title='bbox 1636 4461 1813 4508; x_wconf 76' lang='lat' dir='ltr'>volunt</span> <span class='ocrx_word' id='word_1_342' title='bbox 1918 4466 1972 4508; x_wconf 80' lang='lat' dir='ltr'>ut</span> <span class='ocrx_word' id='word_1_343' title='bbox 1990 4455 2275 4507; x_wconf 79' lang='lat' dir='ltr'>dilucida</span> <span class='ocrx_word' id='word_1_344' title='bbox 2292 4456 2377 4522; x_wconf 68' lang='lat' dir='ltr'>eit,</span> <span class='ocrx_word' id='word_1_345' title='bbox 2400 4461 2455 4504; x_wconf 77' lang='lat' dir='ltr'>ut</span> <span class='ocrx_word' id='word_1_346' title='bbox 2478 4453 2701 4517; x_wconf 70' lang='lat' dir='ltr'>brevis,</span> <span class='ocrx_word' id='word_1_347' title='bbox 2728 4458 2781 4500; x_wconf 77' lang='lat' dir='ltr'>ut</span> <span class='ocrx_word' id='word_1_348' title='bbox 2805 4451 2939 4500; x_wconf 78' lang='lat' dir='ltr'>veri</span> <span class='ocrx_word' id='word_1_349' title='bbox 2961 4450 3212 4500; x_wconf 67' lang='lat' dir='ltr'>einsilie.</span> 
     </span>
     <span class='ocr_line' id='line_1_46' title="bbox 519 4543 1810 4613; baseline 0.001 -21"><span class='ocrx_word' id='word_1_350' title='bbox 519 4559 626 4592; x_wconf 71' lang='lat' dir='ltr'>esse</span> <span class='ocrx_word' id='word_1_351' title='bbox 681 4543 974 4607; x_wconf 72' lang='lat' dir='ltr'>lucidam,</span> <span class='ocrx_word' id='word_1_352' title='bbox 1013 4545 1273 4613; x_wconf 78' lang='lat' dir='ltr'>brevem,</span> <span class='ocrx_word' id='word_1_353' title='bbox 1328 4549 1467 4595; x_wconf 77' lang='lat' dir='ltr'>veri</span> <span class='ocrx_word' id='word_1_354' title='bbox 1523 4545 1810 4594; x_wconf 73' lang='lat' dir='ltr'>similem.</span> 
     </span>
    </p>

    <p class='ocr_par' dir='ltr' id='par_1_16' title="bbox 519 4625 3215 4876">
     <span class='ocr_line' id='line_1_47' title="bbox 657 4625 3215 4696; baseline -0.005 -12"><span class='ocrx_word' id='word_1_355' title='bbox 657 4637 740 4684; x_wconf 89' lang='grc'>36.</span> <span class='ocrx_word' id='word_1_356' title='bbox 781 4632 1103 4684; x_wconf 68' lang='grc' dir='ltr'>Ει·ἰι”αειὲεηι</span> <span class='ocrx_word' id='word_1_357' title='bbox 1139 4635 1375 4683; x_wconf 73' lang='lat' dir='ltr'>narratio</span> <span class='ocrx_word' id='word_1_358' title='bbox 1402 4640 1587 4696; x_wconf 78' lang='lat' dir='ltr'>aperta</span> <span class='ocrx_word' id='word_1_359' title='bbox 1625 4649 1686 4681; x_wconf 82' lang='lat' dir='ltr'>ac</span> <span class='ocrx_word' id='word_1_360' title='bbox 1721 4631 1811 4681; x_wconf 78' lang='lat' dir='ltr'>di·</span> <span class='ocrx_word' id='word_1_361' title='bbox 2058 4631 2279 4680; x_wconf 74' lang='lat' dir='ltr'>Diluci</span> <span class='ocrx_word' id='word_1_362' title='bbox 2289 4629 2371 4679; x_wconf 84' lang='lat' dir='ltr'>cla</span> <span class='ocrx_word' id='word_1_363' title='bbox 2422 4628 2509 4691; x_wconf 75' lang='lat' dir='ltr'>fic,</span> <span class='ocrx_word' id='word_1_364' title='bbox 2564 4629 2611 4676; x_wconf 76' lang='lat' dir='ltr'>ei</span> <span class='ocrx_word' id='word_1_365' title='bbox 2694 4625 2839 4690; x_wconf 77' lang='lat' dir='ltr'>apud</span> <span class='ocrx_word' id='word_1_366' title='bbox 2913 4625 3215 4675; x_wconf 63' lang='lat' dir='ltr'>nescientem</span> 
     </span>
     <span class='ocr_line' id='line_1_48' title="bbox 519 4709 3211 4786; baseline -0.003 -19"><span class='ocrx_word' id='word_1_367' title='bbox 519 4719 689 4770; x_wconf 75' lang='lat' dir='ltr'>lucid</span> <span class='ocrx_word' id='word_1_368' title='bbox 701 4739 750 4783; x_wconf 87' lang='lat' dir='ltr'>a,</span> <span class='ocrx_word' id='word_1_369' title='bbox 788 4725 834 4770; x_wconf 70' lang='lat' dir='ltr'>ei</span> <span class='ocrx_word' id='word_1_370' title='bbox 867 4721 1032 4784; x_wconf 76' lang='lat' dir='ltr'>fuerit</span> <span class='ocrx_word' id='word_1_371' title='bbox 1058 4759 1070 4773; x_wconf 94' lang='lat'>.</span> <span class='ocrx_word' id='word_1_372' title='bbox 1099 4762 1110 4774; x_wconf 92' lang='lat'><em>.</em></span> <span class='ocrx_word' id='word_1_373' title='bbox 1140 4758 1153 4771; x_wconf 91' lang='lat'><em>.</em></span> <span class='ocrx_word' id='word_1_374' title='bbox 1200 4721 1444 4771; x_wconf 65' lang='lat' dir='ltr'>discincta</span> <span class='ocrx_word' id='word_1_375' title='bbox 1491 4721 1656 4786; x_wconf 66' lang='lat' dir='ltr'>rebus,</span> <span class='ocrx_word' id='word_1_376' title='bbox 1685 4735 1810 4783; x_wconf 79' lang='lat' dir='ltr'>per·</span> <span class='ocrx_word' id='word_1_377' title='bbox 1917 4735 2132 4776; x_wconf 72' lang='lat' dir='ltr'>narr-ee.-</span> <span class='ocrx_word' id='word_1_378' title='bbox 2176 4719 2232 4766; x_wconf 81' lang='lat' dir='ltr'>in</span> <span class='ocrx_word' id='word_1_379' title='bbox 2276 4733 2378 4780; x_wconf 80' lang='lat' dir='ltr'>qua</span> <span class='ocrx_word' id='word_1_380' title='bbox 2422 4713 2694 4765; x_wconf 67' lang='grc' dir='ltr'>τ’πιιιεόενίε</span> <span class='ocrx_word' id='word_1_381' title='bbox 2738 4715 2955 4779; x_wconf 75' lang='lat' dir='ltr'>initium,</span> <span class='ocrx_word' id='word_1_382' title='bbox 2990 4709 3211 4760; x_wconf 74' lang='lat' dir='ltr'>medium</span> 
     </span>
     <span class='ocr_line' id='line_1_49' title="bbox 527 4799 3212 4876; baseline -0.004 -22"><span class='ocrx_word' id='word_1_383' title='bbox 527 4809 670 4872; x_wconf 57' lang='lat' dir='ltr'>iouis,</span> <span class='ocrx_word' id='word_1_384' title='bbox 709 4811 1024 4874; x_wconf 70' lang='grc' dir='ltr'>εεπῳονίὁιω,</span> <span class='ocrx_word' id='word_1_385' title='bbox 1065 4811 1198 4876; x_wconf 77' lang='lat' dir='ltr'>locis,</span> <span class='ocrx_word' id='word_1_386' title='bbox 1235 4811 1418 4858; x_wconf 73' lang='lat' dir='ltr'>causis.</span> <span class='ocrx_word' id='word_1_387' title='bbox 1864 4847 1870 4860; x_wconf 88' lang='lat'><em>,</em></span> <span class='ocrx_word' id='word_1_388' title='bbox 1920 4812 1965 4852; x_wconf 75' lang='lat' dir='ltr'>et,</span> <span class='ocrx_word' id='word_1_389' title='bbox 1993 4805 2171 4868; x_wconf 81' lang='lat' dir='ltr'>fine-m,</span> <span class='ocrx_word' id='word_1_390' title='bbox 2207 4807 2282 4852; x_wconf 71' lang='lat' dir='ltr'>ila</span> <span class='ocrx_word' id='word_1_391' title='bbox 2318 4809 2371 4851; x_wconf 72' lang='lat' dir='ltr'>ut</span> <span class='ocrx_word' id='word_1_392' title='bbox 2406 4806 2519 4866; x_wconf 70' lang='lat' dir='ltr'>ipsa</span> <span class='ocrx_word' id='word_1_393' title='bbox 2557 4801 2793 4851; x_wconf 70' lang='lat' dir='ltr'>nav-ratio</span> <span class='ocrx_word' id='word_1_394' title='bbox 2810 4799 3046 4848; x_wconf 62' lang='lat' dir='ltr'>ordinem</span> <span class='ocrx_word' id='word_1_395' title='bbox 3070 4813 3212 4846; x_wconf 71' lang='lat' dir='ltr'>emam</span> 
     </span>
    </p>
   </div>
  </div>
 </body>
</html>
