<?xml version="1.0" encoding="UTF-8"?>
<!DOCTYPE html PUBLIC "-//W3C//DTD XHTML 1.0 Transitional//EN"
    "http://www.w3.org/TR/xhtml1/DTD/xhtml1-transitional.dtd">
<html xmlns="http://www.w3.org/1999/xhtml" xml:lang="en" lang="en">
 <head>
  <title>
</title>
<meta http-equiv="Content-Type" content="text/html;charset=utf-8" />
  <meta name='ocr-system' content='tesseract 3.04.00' />
  <meta name='ocr-capabilities' content='ocr_page ocr_carea ocr_par ocr_line ocrx_word'/>
</head>
<body>
  <div class='ocr_page' id='page_1' title='image "./dissertationesp09wiengoog_0353.png"; bbox 0 0 3567 5109; ppageno 0'>
   <div class='ocr_carea' id='block_1_1' title="bbox 1427 314 1915 378">
    <p class='ocr_par' dir='ltr' id='par_1_1' title="bbox 1427 314 1915 378">
     <span class='ocr_line' id='line_1_1' title="bbox 1427 314 1915 378; baseline 0.006 -2"><span class='ocrx_word' id='word_1_1' title='bbox 1427 314 1915 378; x_wconf 83' lang='lat'>-139—</span> 
     </span>
    </p>
   </div>
   <div class='ocr_carea' id='block_1_2' title="bbox 291 521 3030 932">
    <p class='ocr_par' dir='ltr' id='par_1_2' title="bbox 291 521 3030 932">
     <span class='ocr_line' id='line_1_2' title="bbox 291 521 3030 612; baseline 0.003 -27"><span class='ocrx_word' id='word_1_2' title='bbox 291 522 474 586; x_wconf 76' lang='lat' dir='ltr'>visse</span> <span class='ocrx_word' id='word_1_3' title='bbox 520 521 656 586; x_wconf 82' lang='lat' dir='ltr'>veri</span> <span class='ocrx_word' id='word_1_4' title='bbox 699 522 908 587; x_wconf 88' lang='lat' dir='ltr'>simile</span> <span class='ocrx_word' id='word_1_5' title='bbox 955 528 1056 588; x_wconf 85' lang='lat' dir='ltr'>est</span> <span class='ocrx_word' id='word_1_6' title='bbox 1073 525 1109 588; x_wconf 84' lang='lat'>¹.</span> <span class='ocrx_word' id='word_1_7' title='bbox 1179 521 1373 608; x_wconf 81' lang='lat' dir='ltr'>Quod</span> <span class='ocrx_word' id='word_1_8' title='bbox 1413 525 1475 598; x_wconf 61' lang='lat' dir='ltr'>,si</span> <span class='ocrx_word' id='word_1_9' title='bbox 1519 524 1693 590; x_wconf 88' lang='lat' dir='ltr'>hunc</span> <span class='ocrx_word' id='word_1_10' title='bbox 1738 525 1809 589; x_wconf 93' lang='lat' dir='ltr'>in</span> <span class='ocrx_word' id='word_1_11' title='bbox 1854 525 2125 590; x_wconf 88' lang='lat' dir='ltr'>modum</span> <span class='ocrx_word' id='word_1_12' title='bbox 2170 525 2697 608; x_wconf 78' lang='lat' dir='ltr'>interpretamur,</span> <span class='ocrx_word' id='word_1_13' title='bbox 2738 549 3030 612; x_wconf 69' lang='lat' dir='ltr'>puerum</span> 
     </span>
     <span class='ocr_line' id='line_1_3' title="bbox 295 629 3026 716; baseline 0.003 -24"><span class='ocrx_word' id='word_1_14' title='bbox 295 629 538 713; x_wconf 76' lang='lat' dir='ltr'>rec-ipit</span> <span class='ocrx_word' id='word_1_15' title='bbox 578 629 938 714; x_wconf 76' lang='lat' dir='ltr'>Repotialis</span> <span class='ocrx_word' id='word_1_16' title='bbox 983 631 1182 696; x_wconf 63' lang='lat' dir='ltr'>Iliber</span> <span class='ocrx_word' id='word_1_17' title='bbox 1234 629 1516 696; x_wconf 87' lang='lat' dir='ltr'>fortasse</span> <span class='ocrx_word' id='word_1_18' title='bbox 1573 630 1723 698; x_wconf 85' lang='lat' dir='ltr'>dici.</span> <span class='ocrx_word' id='word_1_19' title='bbox 1757 631 1975 715; x_wconf 87' lang='lat' dir='ltr'>potuit</span> <span class='ocrx_word' id='word_1_20' title='bbox 2029 631 2110 696; x_wconf 88' lang='lat' dir='ltr'>de</span> <span class='ocrx_word' id='word_1_21' title='bbox 2158 631 2411 698; x_wconf 91' lang='lat' dir='ltr'>Bacchi</span> <span class='ocrx_word' id='word_1_22' title='bbox 2458 633 2673 716; x_wconf 90' lang='lat' dir='ltr'>patria</span> <span class='ocrx_word' id='word_1_23' title='bbox 2720 632 3026 713; x_wconf 79' lang='lat' dir='ltr'>Thracia,</span> 
     </span>
     <span class='ocr_line' id='line_1_4' title="bbox 297 735 3029 822; baseline 0.001 -22"><span class='ocrx_word' id='word_1_24' title='bbox 297 739 696 819; x_wconf 84' lang='lat' dir='ltr'>praesertim</span> <span class='ocrx_word' id='word_1_25' title='bbox 733 757 880 800; x_wconf 86' lang='lat' dir='ltr'>cum</span> <span class='ocrx_word' id='word_1_26' title='bbox 917 736 1058 800; x_wconf 89' lang='lat' dir='ltr'>eius</span> <span class='ocrx_word' id='word_1_27' title='bbox 1095 735 1350 802; x_wconf 81' lang='lat' dir='ltr'>incolae</span> <span class='ocrx_word' id='word_1_28' title='bbox 1389 736 1746 802; x_wconf 77' lang='lat' dir='ltr'>vinolentia</span> <span class='ocrx_word' id='word_1_29' title='bbox 1781 736 2059 802; x_wconf 82' lang='lat' dir='ltr'>infames</span> <span class='ocrx_word' id='word_1_30' title='bbox 2096 736 2359 804; x_wconf 83' lang='lat' dir='ltr'>fuerint.</span> <span class='ocrx_word' id='word_1_31' title='bbox 2415 737 2653 822; x_wconf 86' lang='lat' dir='ltr'>Neque</span> <span class='ocrx_word' id='word_1_32' title='bbox 2690 739 3029 804; x_wconf 79' lang='lat' dir='ltr'>invenuste</span> 
     </span>
     <span class='ocr_line' id='line_1_5' title="bbox 303 841 3025 932; baseline 0.001 -25"><span class='ocrx_word' id='word_1_33' title='bbox 303 841 502 908; x_wconf 89' lang='lat' dir='ltr'>simul</span> <span class='ocrx_word' id='word_1_34' title='bbox 545 843 1002 927; x_wconf 83' lang='lat' dir='ltr'>perspicuitati</span> <span class='ocrx_word' id='word_1_35' title='bbox 1049 841 1398 909; x_wconf 88' lang='lat' dir='ltr'>consulens</span> <span class='ocrx_word' id='word_1_36' title='bbox 1445 843 1730 910; x_wconf 86' lang='lat' dir='ltr'>Mueller</span> <span class='ocrx_word' id='word_1_37' title='bbox 1777 865 2035 910; x_wconf 86' lang='lat' dir='ltr'>versum</span> <span class='ocrx_word' id='word_1_38' title='bbox 2080 845 2177 910; x_wconf 87' lang='lat' dir='ltr'>ita</span> <span class='ocrx_word' id='word_1_39' title='bbox 2222 844 2573 929; x_wconf 82' lang='lat' dir='ltr'>supplevit:</span> <span class='ocrx_word' id='word_1_40' title='bbox 2636 899 2649 912; x_wconf 92' lang='lat'><strong>.</strong></span> <span class='ocrx_word' id='word_1_41' title='bbox 2688 900 2701 913; x_wconf 92' lang='lat'><strong>.</strong></span> <span class='ocrx_word' id='word_1_42' title='bbox 2738 848 2979 932; x_wconf 69' lang='lat' dir='ltr'>aoeipit</span> <span class='ocrx_word' id='word_1_43' title='bbox 3016 850 3025 926; x_wconf 91' lang='grc' dir='ltr'>Ι</span> 
     </span>
    </p>
   </div>
   <div class='ocr_carea' id='block_1_3' title="bbox 518 968 2765 1178">
    <p class='ocr_par' dir='ltr' id='par_1_3' title="bbox 518 968 2765 1178">
     <span class='ocr_line' id='line_1_6' title="bbox 1069 968 2253 1053; baseline 0.002 -20"><span class='ocrx_word' id='word_1_44' title='bbox 1069 968 1429 1053; x_wconf 76' lang='lat' dir='ltr'>Repotialis</span> <span class='ocrx_word' id='word_1_45' title='bbox 1474 968 1704 1032; x_wconf 65' lang='lat' dir='ltr'>Liberi</span> <span class='ocrx_word' id='word_1_46' title='bbox 1749 975 1923 1034; x_wconf 83' lang='lat' dir='ltr'>terra</span> <span class='ocrx_word' id='word_1_47' title='bbox 1968 971 2253 1035; x_wconf 77' lang='lat' dir='ltr'>horrida.</span> 
     </span>
     <span class='ocr_line' id='line_1_7' title="bbox 518 1090 2765 1178; baseline 0.001 -23"><span class='ocrx_word' id='word_1_48' title='bbox 518 1090 662 1156; x_wconf 90' lang='lat' dir='ltr'>Iam</span> <span class='ocrx_word' id='word_1_49' title='bbox 708 1091 795 1156; x_wconf 92' lang='lat' dir='ltr'>ad</span> <span class='ocrx_word' id='word_1_50' title='bbox 841 1092 1253 1175; x_wconf 90' lang='lat' dir='ltr'>propositum</span> <span class='ocrx_word' id='word_1_51' title='bbox 1299 1091 1542 1156; x_wconf 85' lang='lat' dir='ltr'>reversi</span> <span class='ocrx_word' id='word_1_52' title='bbox 1589 1091 1913 1157; x_wconf 84' lang='lat' dir='ltr'>adiectiva</span> <span class='ocrx_word' id='word_1_53' title='bbox 1961 1113 2341 1158; x_wconf 88' lang='lat' dir='ltr'>enumerare</span> <span class='ocrx_word' id='word_1_54' title='bbox 2390 1114 2765 1178; x_wconf 87' lang='lat' dir='ltr'>pergamus:</span> 
     </span>
    </p>
   </div>
   <div class='ocr_carea' id='block_1_4' title="bbox 297 1213 3030 1728">
    <p class='ocr_par' dir='ltr' id='par_1_4' title="bbox 297 1213 2519 1304">
     <span class='ocr_line' id='line_1_8' title="bbox 297 1213 2519 1304; baseline 0.002 -25"><span class='ocrx_word' id='word_1_55' title='bbox 297 1213 422 1279; x_wconf 85' lang='lat' dir='ltr'>P5</span> <span class='ocrx_word' id='word_1_56' title='bbox 462 1213 889 1301; x_wconf 74' lang='lat' dir='ltr'>*saeptuosus</span> <span class='ocrx_word' id='word_1_57' title='bbox 935 1215 1057 1304; x_wconf 81' lang='lat' dir='ltr'>(-se</span> <span class='ocrx_word' id='word_1_58' title='bbox 1095 1238 1214 1300; x_wconf 88' lang='lat' dir='ltr'>pro</span> <span class='ocrx_word' id='word_1_59' title='bbox 1254 1239 1358 1282; x_wconf 82' lang='lat' dir='ltr'>-sa</span> <span class='ocrx_word' id='word_1_60' title='bbox 1395 1215 1637 1304; x_wconf 85' lang='lat' dir='ltr'>codd.),</span> <span class='ocrx_word' id='word_1_61' title='bbox 1692 1217 1810 1280; x_wconf 89' lang='grc' dir='ltr'>Ρ2</span> <span class='ocrx_word' id='word_1_62' title='bbox 1862 1217 2237 1302; x_wconf 74' lang='lat' dir='ltr'>tardiyrada</span> <span class='ocrx_word' id='word_1_63' title='bbox 2283 1217 2519 1300; x_wconf 89' lang='lat' dir='ltr'>(Isid.),</span> 
     </span>
    </p>

    <p class='ocr_par' dir='ltr' id='par_1_5' title="bbox 297 1321 3030 1412">
     <span class='ocr_line' id='line_1_9' title="bbox 297 1321 3030 1412; baseline 0.001 -26"><span class='ocrx_word' id='word_1_64' title='bbox 297 1321 360 1387; x_wconf 91' lang='lat' dir='ltr'>P</span> <span class='ocrx_word' id='word_1_65' title='bbox 381 1323 510 1386; x_wconf 87' lang='grc'>316</span> <span class='ocrx_word' id='word_1_66' title='bbox 555 1324 732 1388; x_wconf 80' lang='lat' dir='ltr'>seius</span> <span class='ocrx_word' id='word_1_67' title='bbox 780 1323 1100 1404; x_wconf 75' lang='lat' dir='ltr'>(Petron,</span> <span class='ocrx_word' id='word_1_68' title='bbox 1145 1322 1448 1405; x_wconf 62' lang='lat' dir='ltr'>Eccles),</span> <span class='ocrx_word' id='word_1_69' title='bbox 1691 1321 1902 1388; x_wconf 83' lang='lat' dir='ltr'>A463</span> <span class='ocrx_word' id='word_1_70' title='bbox 1926 1323 2347 1408; x_wconf 61' lang='lat' dir='ltr'>*tam-zymus</span> <span class='ocrx_word' id='word_1_71' title='bbox 2365 1323 2779 1412; x_wconf 71' lang='lat' dir='ltr'>(eapriyenus</span> <span class='ocrx_word' id='word_1_72' title='bbox 2794 1324 3030 1405; x_wconf 68' lang='lat' dir='ltr'>Plaut„</span> 
     </span>
    </p>

    <p class='ocr_par' dir='ltr' id='par_1_6' title="bbox 297 1429 3025 1520">
     <span class='ocr_line' id='line_1_10' title="bbox 297 1429 3025 1520; baseline 0.001 -25"><span class='ocrx_word' id='word_1_73' title='bbox 297 1429 508 1495; x_wconf 85' lang='lat' dir='ltr'>P252</span> <span class='ocrx_word' id='word_1_74' title='bbox 553 1452 906 1516; x_wconf 67' lang='lat' dir='ltr'>scruposas</span> <span class='ocrx_word' id='word_1_75' title='bbox 950 1429 1211 1512; x_wconf 89' lang='lat' dir='ltr'>(Plaut.,</span> <span class='ocrx_word' id='word_1_76' title='bbox 1260 1429 1503 1513; x_wconf 90' lang='lat' dir='ltr'>Lucr.)‚</span> <span class='ocrx_word' id='word_1_77' title='bbox 1780 1429 1839 1494; x_wconf 91' lang='lat' dir='ltr'>P</span> <span class='ocrx_word' id='word_1_78' title='bbox 1867 1451 1965 1514; x_wconf 90' lang='lat' dir='ltr'>pr.</span> <span class='ocrx_word' id='word_1_79' title='bbox 1990 1435 2049 1510; x_wconf 87' lang='lat'>5,</span> <span class='ocrx_word' id='word_1_80' title='bbox 2090 1430 2156 1495; x_wconf 90' lang='lat' dir='ltr'>A</span> <span class='ocrx_word' id='word_1_81' title='bbox 2179 1433 2329 1511; x_wconf 84' lang='lat'>544,</span> <span class='ocrx_word' id='word_1_82' title='bbox 2361 1432 2585 1514; x_wconf 70' lang='lat' dir='ltr'>Verg„</span> <span class='ocrx_word' id='word_1_83' title='bbox 2626 1431 2765 1498; x_wconf 84' lang='lat' dir='ltr'>Cic.</span> <span class='ocrx_word' id='word_1_84' title='bbox 2797 1432 3025 1520; x_wconf 85' lang='lat' dir='ltr'>poet.),</span> 
     </span>
    </p>

    <p class='ocr_par' dir='ltr' id='par_1_7' title="bbox 298 1535 2872 1728">
     <span class='ocr_line' id='line_1_11' title="bbox 298 1535 2872 1622; baseline 0.001 -20"><span class='ocrx_word' id='word_1_85' title='bbox 298 1535 368 1602; x_wconf 88' lang='lat' dir='ltr'>A</span> <span class='ocrx_word' id='word_1_86' title='bbox 393 1539 518 1602; x_wconf 86' lang='lat'>421</span> <span class='ocrx_word' id='word_1_87' title='bbox 571 1535 1052 1622; x_wconf 67' lang='lat' dir='ltr'>*tabifteabil223,</span> <span class='ocrx_word' id='word_1_88' title='bbox 1692 1537 1898 1602; x_wconf 87' lang='lat' dir='ltr'>P158</span> <span class='ocrx_word' id='word_1_89' title='bbox 1950 1539 2307 1602; x_wconf 67' lang='lat' dir='ltr'>tenebricae</span> <span class='ocrx_word' id='word_1_90' title='bbox 2355 1537 2519 1619; x_wconf 83' lang='lat' dir='ltr'>(Cic.</span> <span class='ocrx_word' id='word_1_91' title='bbox 2568 1540 2872 1622; x_wconf 89' lang='lat' dir='ltr'>poetice),</span> 
     </span>
     <span class='ocr_line' id='line_1_12' title="bbox 1263 1642 2045 1728; baseline 0.001 -20"><span class='ocrx_word' id='word_1_92' title='bbox 1263 1642 1481 1708; x_wconf 88' lang='lat' dir='ltr'>A554</span> <span class='ocrx_word' id='word_1_93' title='bbox 1530 1649 1753 1728; x_wconf 74' lang='lat' dir='ltr'>tesqua</span> <span class='ocrx_word' id='word_1_94' title='bbox 1800 1644 2045 1727; x_wconf 74' lang='lat' dir='ltr'>(Eun).</span> 
     </span>
    </p>
   </div>
   <div class='ocr_carea' id='block_1_5' title="bbox 291 1765 3025 4414">
    <p class='ocr_par' dir='ltr' id='par_1_8' title="bbox 291 1765 3025 2602">
     <span class='ocr_line' id='line_1_13' title="bbox 516 1765 3024 1852; baseline 0.001 -18"><span class='ocrx_word' id='word_1_95' title='bbox 516 1765 766 1834; x_wconf 91' lang='lat' dir='ltr'>Accius</span> <span class='ocrx_word' id='word_1_96' title='bbox 827 1769 1026 1852; x_wconf 84' lang='lat' dir='ltr'>igitur</span> <span class='ocrx_word' id='word_1_97' title='bbox 1089 1772 1158 1833; x_wconf 90' lang='lat' dir='ltr'>in</span> <span class='ocrx_word' id='word_1_98' title='bbox 1225 1769 1550 1852; x_wconf 86' lang='lat' dir='ltr'>fingendis</span> <span class='ocrx_word' id='word_1_99' title='bbox 1609 1768 1949 1834; x_wconf 87' lang='lat' dir='ltr'>adiectivis</span> <span class='ocrx_word' id='word_1_100' title='bbox 2007 1770 2443 1835; x_wconf 88' lang='lat' dir='ltr'>continentior</span> <span class='ocrx_word' id='word_1_101' title='bbox 2496 1770 2795 1836; x_wconf 87' lang='lat' dir='ltr'>inaudita</span> <span class='ocrx_word' id='word_1_102' title='bbox 2850 1793 3024 1836; x_wconf 91' lang='lat' dir='ltr'>com·</span> 
     </span>
     <span class='ocr_line' id='line_1_14' title="bbox 303 1874 3025 1963; baseline 0.001 -23"><span class='ocrx_word' id='word_1_103' title='bbox 303 1875 520 1960; x_wconf 87' lang='lat' dir='ltr'>posita</span> <span class='ocrx_word' id='word_1_104' title='bbox 565 1897 699 1940; x_wconf 90' lang='lat' dir='ltr'>non</span> <span class='ocrx_word' id='word_1_105' title='bbox 745 1876 1105 1960; x_wconf 81' lang='lat' dir='ltr'>temptavit.</span> <span class='ocrx_word' id='word_1_106' title='bbox 1155 1874 1302 1960; x_wconf 79' lang='lat' dir='ltr'>Quo</span> <span class='ocrx_word' id='word_1_107' title='bbox 1350 1875 1595 1941; x_wconf 83' lang='lat' dir='ltr'>factum</span> <span class='ocrx_word' id='word_1_108' title='bbox 1632 1883 1752 1955; x_wconf 88' lang='lat' dir='ltr'>est,</span> <span class='ocrx_word' id='word_1_109' title='bbox 1804 1883 1877 1942; x_wconf 90' lang='lat' dir='ltr'>ut</span> <span class='ocrx_word' id='word_1_110' title='bbox 1915 1876 2257 1960; x_wconf 90' lang='lat' dir='ltr'>complura</span> <span class='ocrx_word' id='word_1_111' title='bbox 2296 1876 2637 1956; x_wconf 85' lang='lat' dir='ltr'>adiectiva,</span> <span class='ocrx_word' id='word_1_112' title='bbox 2688 1899 2857 1960; x_wconf 91' lang='lat' dir='ltr'>quae</span> <span class='ocrx_word' id='word_1_113' title='bbox 2893 1879 3025 1963; x_wconf 91' lang='lat' dir='ltr'>pri-</span> 
     </span>
     <span class='ocr_line' id='line_1_15' title="bbox 301 1981 3025 2067; baseline 0.001 -19"><span class='ocrx_word' id='word_1_114' title='bbox 301 2003 482 2048; x_wconf 89' lang='lat' dir='ltr'>mum</span> <span class='ocrx_word' id='word_1_115' title='bbox 517 1983 694 2066; x_wconf 90' lang='lat' dir='ltr'>apud</span> <span class='ocrx_word' id='word_1_116' title='bbox 732 2003 882 2048; x_wconf 89' lang='lat' dir='ltr'>eum</span> <span class='ocrx_word' id='word_1_117' title='bbox 918 1990 1288 2062; x_wconf 89' lang='lat' dir='ltr'>occurrunt,</span> <span class='ocrx_word' id='word_1_118' title='bbox 1337 1981 1454 2048; x_wconf 87' lang='lat' dir='ltr'>alii</span> <span class='ocrx_word' id='word_1_119' title='bbox 1498 1983 1853 2067; x_wconf 88' lang='lat' dir='ltr'>scriptores</span> <span class='ocrx_word' id='word_1_120' title='bbox 1890 1984 2275 2066; x_wconf 85' lang='lat' dir='ltr'>reciperent,</span> <span class='ocrx_word' id='word_1_121' title='bbox 2315 1982 2519 2048; x_wconf 82' lang='lat' dir='ltr'>velut:</span> <span class='ocrx_word' id='word_1_122' title='bbox 2567 1982 2636 2049; x_wconf 90' lang='lat' dir='ltr'>A</span> <span class='ocrx_word' id='word_1_123' title='bbox 2660 1987 2782 2050; x_wconf 86' lang='lat'>127</span> <span class='ocrx_word' id='word_1_124' title='bbox 2820 1986 3025 2050; x_wconf 75' lang='lat' dir='ltr'>armi-</span> 
     </span>
     <span class='ocr_line' id='line_1_16' title="bbox 291 2088 3023 2177; baseline 0.001 -23"><span class='ocrx_word' id='word_1_125' title='bbox 291 2094 526 2174; x_wconf 78' lang='lat' dir='ltr'>potens</span> <span class='ocrx_word' id='word_1_126' title='bbox 561 2089 808 2176; x_wconf 88' lang='lat' dir='ltr'>(Lucr.,</span> <span class='ocrx_word' id='word_1_127' title='bbox 851 2088 981 2177; x_wconf 84' lang='lat' dir='ltr'>aL),</span> <span class='ocrx_word' id='word_1_128' title='bbox 1025 2093 1154 2154; x_wconf 86' lang='lat'>555</span> <span class='ocrx_word' id='word_1_129' title='bbox 1192 2091 1628 2174; x_wconf 56' lang='lat' dir='ltr'>aspernabilis</span> <span class='ocrx_word' id='word_1_130' title='bbox 1659 2088 1877 2171; x_wconf 65' lang='lat' dir='ltr'>(Gen,</span> <span class='ocrx_word' id='word_1_131' title='bbox 1916 2095 2134 2174; x_wconf 62' lang='lat' dir='ltr'>post),</span> <span class='ocrx_word' id='word_1_132' title='bbox 2177 2092 2306 2156; x_wconf 88' lang='lat'>270</span> <span class='ocrx_word' id='word_1_133' title='bbox 2336 2092 2803 2176; x_wconf 69' lang='lat' dir='ltr'>ex&lt;s&gt;eerabilis</span> <span class='ocrx_word' id='word_1_134' title='bbox 2833 2091 3023 2174; x_wconf 80' lang='lat' dir='ltr'>(Liv.,</span> 
     </span>
     <span class='ocr_line' id='line_1_17' title="bbox 303 2194 3024 2282; baseline 0.001 -22"><span class='ocrx_word' id='word_1_135' title='bbox 303 2194 522 2278; x_wconf 90' lang='lat' dir='ltr'>Plin.)‚</span> <span class='ocrx_word' id='word_1_136' title='bbox 571 2198 724 2276; x_wconf 90' lang='grc'>376,</span> <span class='ocrx_word' id='word_1_137' title='bbox 774 2199 902 2261; x_wconf 89' lang='grc'>415</span> <span class='ocrx_word' id='word_1_138' title='bbox 950 2219 1172 2282; x_wconf 65' lang='lat' dir='ltr'>exspes</span> <span class='ocrx_word' id='word_1_139' title='bbox 1217 2195 1433 2278; x_wconf 87' lang='lat' dir='ltr'>(Hor.,</span> <span class='ocrx_word' id='word_1_140' title='bbox 1485 2195 1652 2276; x_wconf 87' lang='lat' dir='ltr'>Ov.),</span> <span class='ocrx_word' id='word_1_141' title='bbox 1703 2198 1830 2262; x_wconf 83' lang='lat'>397</span> <span class='ocrx_word' id='word_1_142' title='bbox 1874 2197 2173 2280; x_wconf 73' lang='lat' dir='ltr'>ylobosus</span> <span class='ocrx_word' id='word_1_143' title='bbox 2221 2195 2406 2278; x_wconf 85' lang='lat' dir='ltr'>(Oic.,</span> <span class='ocrx_word' id='word_1_144' title='bbox 2456 2197 2644 2277; x_wconf 85' lang='lat' dir='ltr'>Liv.)‚</span> <span class='ocrx_word' id='word_1_145' title='bbox 2695 2198 2779 2264; x_wconf 90' lang='grc'>80</span> <span class='ocrx_word' id='word_1_146' title='bbox 2826 2199 3024 2264; x_wconf 78' lang='lat' dir='ltr'>hosti-</span> 
     </span>
     <span class='ocr_line' id='line_1_18' title="bbox 295 2301 3021 2388; baseline 0.001 -22"><span class='ocrx_word' id='word_1_147' title='bbox 295 2303 471 2386; x_wconf 79' lang='lat' dir='ltr'>fieus</span> <span class='ocrx_word' id='word_1_148' title='bbox 508 2301 722 2385; x_wconf 72' lang='lat' dir='ltr'>(Cic),</span> <span class='ocrx_word' id='word_1_149' title='bbox 761 2306 842 2369; x_wconf 89' lang='lat'>91</span> <span class='ocrx_word' id='word_1_150' title='bbox 881 2304 1264 2388; x_wconf 75' lang='lat' dir='ltr'>impetibilis</span> <span class='ocrx_word' id='word_1_151' title='bbox 1302 2302 1486 2386; x_wconf 70' lang='lat' dir='ltr'>(Cic,</span> <span class='ocrx_word' id='word_1_152' title='bbox 1516 2302 1707 2382; x_wconf 89' lang='lat' dir='ltr'>Plin.,</span> <span class='ocrx_word' id='word_1_153' title='bbox 1749 2302 1911 2385; x_wconf 90' lang='lat' dir='ltr'>alii),</span> <span class='ocrx_word' id='word_1_154' title='bbox 1956 2305 2039 2368; x_wconf 89' lang='grc'>75</span> <span class='ocrx_word' id='word_1_155' title='bbox 2076 2305 2509 2369; x_wconf 64' lang='lat' dir='ltr'>‘inenodabilis</span> <span class='ocrx_word' id='word_1_156' title='bbox 2548 2303 2733 2385; x_wconf 86' lang='lat' dir='ltr'>(Cic.,</span> <span class='ocrx_word' id='word_1_157' title='bbox 2763 2303 3021 2388; x_wconf 91' lang='lat' dir='ltr'>Apul.),</span> 
     </span>
     <span class='ocr_line' id='line_1_19' title="bbox 303 2407 3025 2496; baseline 0.001 -23"><span class='ocrx_word' id='word_1_158' title='bbox 303 2409 434 2474; x_wconf 89' lang='grc'>340</span> <span class='ocrx_word' id='word_1_159' title='bbox 487 2410 871 2475; x_wconf 75' lang='lat' dir='ltr'>invisitatus</span> <span class='ocrx_word' id='word_1_160' title='bbox 933 2408 1113 2490; x_wconf 68' lang='lat' dir='ltr'>(Cic,</span> <span class='ocrx_word' id='word_1_161' title='bbox 1173 2409 1331 2492; x_wconf 87' lang='lat' dir='ltr'>alii),</span> <span class='ocrx_word' id='word_1_162' title='bbox 1401 2412 1531 2475; x_wconf 85' lang='lat'>546</span> <span class='ocrx_word' id='word_1_163' title='bbox 1587 2411 1903 2496; x_wconf 70' lang='lat' dir='ltr'>pinm&#39;yer</span> <span class='ocrx_word' id='word_1_164' title='bbox 1958 2407 2208 2496; x_wconf 89' lang='lat' dir='ltr'>(Lucr.,</span> <span class='ocrx_word' id='word_1_165' title='bbox 2268 2409 2403 2496; x_wconf 81' lang='lat' dir='ltr'>aL),</span> <span class='ocrx_word' id='word_1_166' title='bbox 2473 2413 2601 2476; x_wconf 88' lang='grc'>545</span> <span class='ocrx_word' id='word_1_167' title='bbox 2658 2413 3025 2496; x_wconf 73' lang='lat' dir='ltr'>reciprocus</span> 
     </span>
     <span class='ocr_line' id='line_1_20' title="bbox 300 2514 2817 2602; baseline 0 -19"><span class='ocrx_word' id='word_1_168' title='bbox 300 2514 570 2596; x_wconf 83' lang='lat' dir='ltr'>(Varro,</span> <span class='ocrx_word' id='word_1_169' title='bbox 619 2516 796 2594; x_wconf 63' lang='lat' dir='ltr'>Tac„</span> <span class='ocrx_word' id='word_1_170' title='bbox 846 2516 1034 2594; x_wconf 76' lang='lat' dir='ltr'>Plin,</span> <span class='ocrx_word' id='word_1_171' title='bbox 1081 2516 1240 2598; x_wconf 89' lang='lat' dir='ltr'>alii),</span> <span class='ocrx_word' id='word_1_172' title='bbox 1288 2519 1416 2583; x_wconf 88' lang='grc'>603</span> <span class='ocrx_word' id='word_1_173' title='bbox 1461 2518 1720 2602; x_wconf 74' lang='lat' dir='ltr'>sonipes</span> <span class='ocrx_word' id='word_1_174' title='bbox 1768 2515 2027 2598; x_wconf 66' lang='lat' dir='ltr'>(Lucil,</span> <span class='ocrx_word' id='word_1_175' title='bbox 2078 2515 2336 2596; x_wconf 64' lang='lat' dir='ltr'>Catuli,</span> <span class='ocrx_word' id='word_1_176' title='bbox 2384 2515 2607 2602; x_wconf 86' lang='lat' dir='ltr'>Verg.,</span> <span class='ocrx_word' id='word_1_177' title='bbox 2657 2516 2817 2600; x_wconf 83' lang='lat' dir='ltr'>alii).</span> 
     </span>
    </p>

    <p class='ocr_par' dir='ltr' id='par_1_9' title="bbox 294 2621 3023 4092">
     <span class='ocr_line' id='line_1_21' title="bbox 515 2621 3021 2710; baseline 0.001 -24"><span class='ocrx_word' id='word_1_178' title='bbox 515 2622 949 2688; x_wconf 81' lang='lat' dir='ltr'>Memorabile</span> <span class='ocrx_word' id='word_1_179' title='bbox 1005 2644 1156 2688; x_wconf 84' lang='lat' dir='ltr'>vero</span> <span class='ocrx_word' id='word_1_180' title='bbox 1224 2630 1324 2688; x_wconf 86' lang='lat' dir='ltr'>est</span> <span class='ocrx_word' id='word_1_181' title='bbox 1387 2628 1454 2687; x_wconf 86' lang='lat' dir='ltr'>et</span> <span class='ocrx_word' id='word_1_182' title='bbox 1497 2622 1861 2688; x_wconf 79' lang='lat' dir='ltr'>Pacuvium</span> <span class='ocrx_word' id='word_1_183' title='bbox 1927 2629 1993 2688; x_wconf 90' lang='lat' dir='ltr'>et</span> <span class='ocrx_word' id='word_1_184' title='bbox 2047 2621 2329 2688; x_wconf 90' lang='lat' dir='ltr'>Accium</span> <span class='ocrx_word' id='word_1_185' title='bbox 2386 2623 2776 2688; x_wconf 86' lang='lat' dir='ltr'>adiectivum</span> <span class='ocrx_word' id='word_1_186' title='bbox 2822 2625 3021 2710; x_wconf 69' lang='lat' dir='ltr'>petie,</span> 
     </span>
     <span class='ocr_line' id='line_1_22' title="bbox 295 2727 3021 2813; baseline 0.001 -22"><span class='ocrx_word' id='word_1_187' title='bbox 295 2727 478 2810; x_wconf 90' lang='lat' dir='ltr'>quod</span> <span class='ocrx_word' id='word_1_188' title='bbox 514 2728 796 2796; x_wconf 85' lang='lat' dir='ltr'>Plautus</span> <span class='ocrx_word' id='word_1_189' title='bbox 841 2730 1194 2796; x_wconf 86' lang='lat' dir='ltr'>sescenties</span> <span class='ocrx_word' id='word_1_190' title='bbox 1242 2729 1375 2794; x_wconf 85' lang='lat' dir='ltr'>fere</span> <span class='ocrx_word' id='word_1_191' title='bbox 1411 2729 1587 2794; x_wconf 90' lang='lat' dir='ltr'>nude</span> <span class='ocrx_word' id='word_1_192' title='bbox 1627 2730 1845 2812; x_wconf 86' lang='lat' dir='ltr'>posuit</span> <span class='ocrx_word' id='word_1_193' title='bbox 1880 2749 2094 2813; x_wconf 91' lang='lat' dir='ltr'>neque</span> <span class='ocrx_word' id='word_1_194' title='bbox 2134 2729 2496 2807; x_wconf 77' lang='lat' dir='ltr'>TerentiuS,</span> <span class='ocrx_word' id='word_1_195' title='bbox 2542 2734 2741 2812; x_wconf 90' lang='lat' dir='ltr'>poeta</span> <span class='ocrx_word' id='word_1_196' title='bbox 2776 2730 2845 2795; x_wconf 89' lang='lat' dir='ltr'>in</span> <span class='ocrx_word' id='word_1_197' title='bbox 2882 2751 3021 2794; x_wconf 84' lang='lat' dir='ltr'>ver-</span> 
     </span>
     <span class='ocr_line' id='line_1_23' title="bbox 297 2832 3021 2920; baseline 0.002 -24"><span class='ocrx_word' id='word_1_198' title='bbox 297 2832 532 2898; x_wconf 90' lang='lat' dir='ltr'>borum</span> <span class='ocrx_word' id='word_1_199' title='bbox 563 2834 822 2901; x_wconf 87' lang='lat' dir='ltr'>delectu</span> <span class='ocrx_word' id='word_1_200' title='bbox 860 2835 1260 2916; x_wconf 85' lang='lat' dir='ltr'>fastidiosus,</span> <span class='ocrx_word' id='word_1_201' title='bbox 1301 2835 1530 2902; x_wconf 85' lang='lat' dir='ltr'>addito</span> <span class='ocrx_word' id='word_1_202' title='bbox 1568 2836 1764 2902; x_wconf 85' lang='lat' dir='ltr'>verbo</span> <span class='ocrx_word' id='word_1_203' title='bbox 1796 2857 1927 2902; x_wconf 78' lang='lat' dir='ltr'>esse</span> <span class='ocrx_word' id='word_1_204' title='bbox 1952 2835 2181 2919; x_wconf 75' lang='lat' dir='ltr'>fugit2,</span> <span class='ocrx_word' id='word_1_205' title='bbox 2221 2856 2425 2920; x_wconf 89' lang='lat' dir='ltr'>prope</span> <span class='ocrx_word' id='word_1_206' title='bbox 2457 2837 2796 2920; x_wconf 87' lang='lat' dir='ltr'>sprevisse.</span> <span class='ocrx_word' id='word_1_207' title='bbox 2844 2836 3021 2901; x_wconf 90' lang='lat' dir='ltr'>Nam</span> 
     </span>
     <span class='ocr_line' id='line_1_24' title="bbox 300 2940 3020 3028; baseline 0.001 -24"><span class='ocrx_word' id='word_1_208' title='bbox 300 2940 483 3022; x_wconf 87' lang='lat' dir='ltr'>quod</span> <span class='ocrx_word' id='word_1_209' title='bbox 510 2941 579 3006; x_wconf 93' lang='lat' dir='ltr'>id</span> <span class='ocrx_word' id='word_1_210' title='bbox 609 2943 786 3028; x_wconf 89' lang='lat' dir='ltr'>apud</span> <span class='ocrx_word' id='word_1_211' title='bbox 815 2942 970 3010; x_wconf 91' lang='lat' dir='ltr'>Pac.</span> <span class='ocrx_word' id='word_1_212' title='bbox 1003 2942 1205 3008; x_wconf 89' lang='lat' dir='ltr'>semel</span> <span class='ocrx_word' id='word_1_213' title='bbox 1234 2941 1623 3009; x_wconf 84' lang='lat' dir='ltr'>offendimus</span> <span class='ocrx_word' id='word_1_214' title='bbox 1660 2945 1867 3026; x_wconf 85' lang='lat'>(389),</span> <span class='ocrx_word' id='word_1_215' title='bbox 1900 2950 2131 3009; x_wconf 88' lang='lat' dir='ltr'>contra</span> <span class='ocrx_word' id='word_1_216' title='bbox 2156 2965 2434 3028; x_wconf 80' lang='lat' dir='ltr'>possum</span> <span class='ocrx_word' id='word_1_217' title='bbox 2470 2945 2737 3026; x_wconf 83' lang='lat' dir='ltr'>eiusque</span> <span class='ocrx_word' id='word_1_218' title='bbox 2776 2943 3020 3007; x_wconf 87' lang='lat' dir='ltr'>formas</span> 
     </span>
     <span class='ocr_line' id='line_1_25' title="bbox 299 3047 3018 3134; baseline 0.001 -24"><span class='ocrx_word' id='word_1_219' title='bbox 299 3047 644 3131; x_wconf 81' lang='lat' dir='ltr'>quinquies</span> <span class='ocrx_word' id='word_1_220' title='bbox 682 3052 858 3131; x_wconf 91' lang='grc'>(100,</span> <span class='ocrx_word' id='word_1_221' title='bbox 891 3052 1038 3129; x_wconf 87' lang='grc'>142,</span> <span class='ocrx_word' id='word_1_222' title='bbox 1071 3053 1220 3130; x_wconf 87' lang='grc'>236,</span> <span class='ocrx_word' id='word_1_223' title='bbox 1261 3053 1413 3130; x_wconf 86' lang='grc'>290,</span> <span class='ocrx_word' id='word_1_224' title='bbox 1445 3053 1626 3132; x_wconf 88' lang='grc'>410),</span> <span class='ocrx_word' id='word_1_225' title='bbox 1665 3073 1825 3134; x_wconf 77' lang='lat' dir='ltr'>queo</span> <span class='ocrx_word' id='word_1_226' title='bbox 1863 3053 2155 3134; x_wconf 65' lang='lat' dir='ltr'>(quueo)</span> <span class='ocrx_word' id='word_1_227' title='bbox 2194 3051 2436 3134; x_wconf 87' lang='lat' dir='ltr'>septies</span> <span class='ocrx_word' id='word_1_228' title='bbox 2476 3051 2655 3132; x_wconf 88' lang='grc'>(139,</span> <span class='ocrx_word' id='word_1_229' title='bbox 2693 3052 2838 3129; x_wconf 93' lang='grc'>151,</span> <span class='ocrx_word' id='word_1_230' title='bbox 2872 3051 3018 3129; x_wconf 90' lang='grc'>153,</span> 
     </span>
     <span class='ocr_line' id='line_1_26' title="bbox 303 3155 3023 3242; baseline 0.001 -24"><span class='ocrx_word' id='word_1_231' title='bbox 303 3155 450 3232; x_wconf 89' lang='grc'>154,</span> <span class='ocrx_word' id='word_1_232' title='bbox 501 3157 650 3235; x_wconf 92' lang='grc'>317,</span> <span class='ocrx_word' id='word_1_233' title='bbox 701 3157 852 3236; x_wconf 94' lang='grc'>371,</span> <span class='ocrx_word' id='word_1_234' title='bbox 903 3159 1079 3240; x_wconf 91' lang='grc'>390),</span> <span class='ocrx_word' id='word_1_235' title='bbox 1129 3156 1306 3242; x_wconf 90' lang='lat' dir='ltr'>apud</span> <span class='ocrx_word' id='word_1_236' title='bbox 1352 3157 1634 3222; x_wconf 89' lang='lat' dir='ltr'>Accium</span> <span class='ocrx_word' id='word_1_237' title='bbox 1679 3157 1778 3222; x_wconf 88' lang='lat' dir='ltr'>bis</span> <span class='ocrx_word' id='word_1_238' title='bbox 1827 3158 2003 3239; x_wconf 89' lang='lat'>(418,</span> <span class='ocrx_word' id='word_1_239' title='bbox 2050 3159 2231 3238; x_wconf 82' lang='lat'>466),</span> <span class='ocrx_word' id='word_1_240' title='bbox 2278 3162 2349 3222; x_wconf 85' lang='lat' dir='ltr'>at</span> <span class='ocrx_word' id='word_1_241' title='bbox 2374 3179 2651 3242; x_wconf 82' lang='lat' dir='ltr'>possum</span> <span class='ocrx_word' id='word_1_242' title='bbox 2690 3157 2893 3222; x_wconf 87' lang='lat' dir='ltr'>octies</span> <span class='ocrx_word' id='word_1_243' title='bbox 2932 3159 3023 3238; x_wconf 87' lang='lat'>(1,</span> 
     </span>
     <span class='ocr_line' id='line_1_27' title="bbox 301 3261 3018 3348; baseline 0.001 -24"><span class='ocrx_word' id='word_1_244' title='bbox 301 3261 448 3340; x_wconf 83' lang='grc'>190,</span> <span class='ocrx_word' id='word_1_245' title='bbox 500 3263 649 3341; x_wconf 91' lang='grc'>247,</span> <span class='ocrx_word' id='word_1_246' title='bbox 695 3265 844 3342; x_wconf 90' lang='grc'>285,</span> <span class='ocrx_word' id='word_1_247' title='bbox 891 3265 1040 3344; x_wconf 87' lang='grc'>318,</span> <span class='ocrx_word' id='word_1_248' title='bbox 1091 3265 1238 3342; x_wconf 89' lang='grc'>368,</span> <span class='ocrx_word' id='word_1_249' title='bbox 1285 3267 1439 3342; x_wconf 89' lang='grc'>465,</span> <span class='ocrx_word' id='word_1_250' title='bbox 1479 3266 1652 3345; x_wconf 90' lang='grc'>625),</span> <span class='ocrx_word' id='word_1_251' title='bbox 1689 3285 1849 3348; x_wconf 79' lang='lat' dir='ltr'>queo</span> <span class='ocrx_word' id='word_1_252' title='bbox 1890 3264 2233 3348; x_wconf 89' lang='lat' dir='ltr'>quinquies</span> <span class='ocrx_word' id='word_1_253' title='bbox 2270 3266 2446 3344; x_wconf 92' lang='grc'>(281,</span> <span class='ocrx_word' id='word_1_254' title='bbox 2488 3266 2637 3342; x_wconf 91' lang='grc'>368,</span> <span class='ocrx_word' id='word_1_255' title='bbox 2676 3265 2825 3342; x_wconf 90' lang='grc'>538,</span> <span class='ocrx_word' id='word_1_256' title='bbox 2868 3265 3018 3341; x_wconf 89' lang='grc'>620,</span> 
     </span>
     <span class='ocr_line' id='line_1_28' title="bbox 299 3369 3020 3454; baseline 0.001 -22"><span class='ocrx_word' id='word_1_257' title='bbox 299 3369 480 3450; x_wconf 89' lang='grc'>664),</span> <span class='ocrx_word' id='word_1_258' title='bbox 539 3369 644 3433; x_wconf 86' lang='lat' dir='ltr'>vix</span> <span class='ocrx_word' id='word_1_259' title='bbox 699 3374 885 3435; x_wconf 90' lang='lat' dir='ltr'>casui</span> <span class='ocrx_word' id='word_1_260' title='bbox 941 3369 1361 3436; x_wconf 88' lang='lat' dir='ltr'>tribuendum</span> <span class='ocrx_word' id='word_1_261' title='bbox 1405 3378 1522 3438; x_wconf 86' lang='lat' dir='ltr'>est.</span> <span class='ocrx_word' id='word_1_262' title='bbox 1613 3369 1839 3452; x_wconf 88' lang='lat' dir='ltr'>Atque</span> <span class='ocrx_word' id='word_1_263' title='bbox 1890 3370 1972 3436; x_wconf 87' lang='lat' dir='ltr'>ab</span> <span class='ocrx_word' id='word_1_264' title='bbox 2030 3391 2253 3436; x_wconf 89' lang='lat' dir='ltr'>eorum</span> <span class='ocrx_word' id='word_1_265' title='bbox 2298 3371 2704 3454; x_wconf 87' lang='lat' dir='ltr'>temporibus</span> <span class='ocrx_word' id='word_1_266' title='bbox 2750 3391 2819 3435; x_wconf 90' lang='lat' dir='ltr'>re</span> <span class='ocrx_word' id='word_1_267' title='bbox 2866 3391 3020 3434; x_wconf 86' lang='lat' dir='ltr'>vera</span> 
     </span>
     <span class='ocr_line' id='line_1_29' title="bbox 294 3473 3012 3563; baseline 0.001 -25"><span class='ocrx_word' id='word_1_268' title='bbox 294 3473 546 3540; x_wconf 82' lang='lat' dir='ltr'>formae</span> <span class='ocrx_word' id='word_1_269' title='bbox 594 3483 972 3542; x_wconf 87' lang='lat' dir='ltr'>contractae</span> <span class='ocrx_word' id='word_1_270' title='bbox 1018 3476 1491 3561; x_wconf 87' lang='lat' dir='ltr'>frequentiores</span> <span class='ocrx_word' id='word_1_271' title='bbox 1539 3485 1710 3556; x_wconf 91' lang='lat' dir='ltr'>sunt,</span> <span class='ocrx_word' id='word_1_272' title='bbox 1753 3477 2139 3542; x_wconf 86' lang='lat' dir='ltr'>vetustiores</span> <span class='ocrx_word' id='word_1_273' title='bbox 2187 3483 2407 3543; x_wconf 88' lang='lat' dir='ltr'>autem</span> <span class='ocrx_word' id='word_1_274' title='bbox 2454 3499 2494 3542; x_wconf 84' lang='lat' dir='ltr'>a</span> <span class='ocrx_word' id='word_1_275' title='bbox 2532 3481 2814 3560; x_wconf 86' lang='lat' dir='ltr'>posteris</span> <span class='ocrx_word' id='word_1_276' title='bbox 2854 3496 3012 3563; x_wconf 90' lang='lat' dir='ltr'>quo-</span> 
     </span>
     <span class='ocr_line' id='line_1_30' title="bbox 297 3582 3021 3668; baseline 0 -21"><span class='ocrx_word' id='word_1_277' title='bbox 297 3603 424 3666; x_wconf 91' lang='lat' dir='ltr'>que</span> <span class='ocrx_word' id='word_1_278' title='bbox 488 3583 916 3667; x_wconf 87' lang='lat' dir='ltr'>scriptoribus</span> <span class='ocrx_word' id='word_1_279' title='bbox 981 3583 1088 3650; x_wconf 93' lang='lat' dir='ltr'>hic</span> <span class='ocrx_word' id='word_1_280' title='bbox 1151 3583 1285 3649; x_wconf 85' lang='lat' dir='ltr'>illic</span> <span class='ocrx_word' id='word_1_281' title='bbox 1358 3592 1744 3668; x_wconf 88' lang='lat' dir='ltr'>promuntur</span> <span class='ocrx_word' id='word_1_282' title='bbox 1760 3585 1801 3650; x_wconf 77' lang='lat'>³.</span> <span class='ocrx_word' id='word_1_283' title='bbox 1891 3583 2157 3648; x_wconf 87' lang='lat' dir='ltr'>Deinde</span> <span class='ocrx_word' id='word_1_284' title='bbox 2221 3582 2863 3649; x_wconf 86' lang='lat' dir='ltr'>commemorandum</span> <span class='ocrx_word' id='word_1_285' title='bbox 2920 3590 3021 3648; x_wconf 84' lang='lat' dir='ltr'>est</span> 
     </span>
     <span class='ocr_line' id='line_1_31' title="bbox 296 3689 3019 3775; baseline 0 -21"><span class='ocrx_word' id='word_1_286' title='bbox 296 3689 660 3774; x_wconf 90' lang='lat' dir='ltr'>pleniorem</span> <span class='ocrx_word' id='word_1_287' title='bbox 717 3711 992 3775; x_wconf 86' lang='lat' dir='ltr'>eamque</span> <span class='ocrx_word' id='word_1_288' title='bbox 1047 3691 1484 3772; x_wconf 81' lang='lat' dir='ltr'>antiquiorem</span> <span class='ocrx_word' id='word_1_289' title='bbox 1539 3691 1819 3756; x_wconf 87' lang='lat' dir='ltr'>sormam</span> <span class='ocrx_word' id='word_1_290' title='bbox 1863 3693 2197 3755; x_wconf 60' lang='lat' dir='ltr'>dexterum</span> <span class='ocrx_word' id='word_1_291' title='bbox 2250 3689 2451 3755; x_wconf 90' lang='lat' dir='ltr'>semel</span> <span class='ocrx_word' id='word_1_292' title='bbox 2496 3693 2567 3755; x_wconf 93' lang='lat' dir='ltr'>in</span> <span class='ocrx_word' id='word_1_293' title='bbox 2619 3690 2748 3755; x_wconf 91' lang='lat' dir='ltr'>fine</span> <span class='ocrx_word' id='word_1_294' title='bbox 2796 3710 3019 3755; x_wconf 84' lang='lat' dir='ltr'>versus</span> 
     </span>
     <span class='ocr_line' id='line_1_32' title="bbox 297 3795 3016 3881; baseline -0 -20"><span class='ocrx_word' id='word_1_295' title='bbox 297 3796 429 3881; x_wconf 83' lang='lat' dir='ltr'>legi</span> <span class='ocrx_word' id='word_1_296' title='bbox 475 3795 571 3878; x_wconf 91' lang='lat' dir='ltr'>(A</span> <span class='ocrx_word' id='word_1_297' title='bbox 601 3819 694 3880; x_wconf 91' lang='lat' dir='ltr'>pr.</span> <span class='ocrx_word' id='word_1_298' title='bbox 726 3799 868 3879; x_wconf 85' lang='lat'>36);</span> <span class='ocrx_word' id='word_1_299' title='bbox 922 3819 1052 3881; x_wconf 90' lang='lat' dir='ltr'>qua</span> <span class='ocrx_word' id='word_1_300' title='bbox 1089 3799 1160 3862; x_wconf 90' lang='lat' dir='ltr'>in</span> <span class='ocrx_word' id='word_1_301' title='bbox 1197 3819 1264 3863; x_wconf 90' lang='lat' dir='ltr'>re</span> <span class='ocrx_word' id='word_1_302' title='bbox 1294 3797 1542 3862; x_wconf 87' lang='lat' dir='ltr'>Accius</span> <span class='ocrx_word' id='word_1_303' title='bbox 1581 3796 1901 3862; x_wconf 61' lang='lat' dir='ltr'>fortasse*</span> <span class='ocrx_word' id='word_1_304' title='bbox 1939 3797 2231 3863; x_wconf 82' lang='lat' dir='ltr'>Terentii</span> <span class='ocrx_word' id='word_1_305' title='bbox 2277 3819 2465 3863; x_wconf 88' lang='lat' dir='ltr'>usum</span> <span class='ocrx_word' id='word_1_306' title='bbox 2514 3797 2851 3880; x_wconf 82' lang='lat' dir='ltr'>amplexus</span> <span class='ocrx_word' id='word_1_307' title='bbox 2897 3803 3016 3876; x_wconf 84' lang='lat' dir='ltr'>est,</span> 
     </span>
     <span class='ocr_line' id='line_1_33' title="bbox 295 3902 3021 3988; baseline 0 -20"><span class='ocrx_word' id='word_1_308' title='bbox 295 3908 412 3987; x_wconf 92' lang='lat' dir='ltr'>qui</span> <span class='ocrx_word' id='word_1_309' title='bbox 457 3903 684 3968; x_wconf 88' lang='lat' dir='ltr'>ultimo</span> <span class='ocrx_word' id='word_1_310' title='bbox 731 3903 900 3987; x_wconf 90' lang='lat' dir='ltr'>pede</span> <span class='ocrx_word' id='word_1_311' title='bbox 947 3904 1358 3988; x_wconf 88' lang='lat' dir='ltr'>trisyllabam</span> <span class='ocrx_word' id='word_1_312' title='bbox 1403 3902 1700 3982; x_wconf 85' lang='lat' dir='ltr'>formam,</span> <span class='ocrx_word' id='word_1_313' title='bbox 1745 3905 1817 3968; x_wconf 89' lang='lat' dir='ltr'>in</span> <span class='ocrx_word' id='word_1_314' title='bbox 1862 3904 2078 3969; x_wconf 90' lang='lat' dir='ltr'>medio</span> <span class='ocrx_word' id='word_1_315' title='bbox 2126 3925 2315 3968; x_wconf 86' lang='lat' dir='ltr'>versu</span> <span class='ocrx_word' id='word_1_316' title='bbox 2362 3904 2673 3970; x_wconf 88' lang='lat' dir='ltr'>usitatam</span> <span class='ocrx_word' id='word_1_317' title='bbox 2718 3902 3021 3968; x_wconf 85' lang='lat' dir='ltr'>adhibuit</span> 
     </span>
     <span class='ocr_line' id='line_1_34' title="bbox 298 4010 2222 4092; baseline 0.001 -17"><span class='ocrx_word' id='word_1_318' title='bbox 298 4010 407 4091; x_wconf 88' lang='lat' dir='ltr'>(cf.</span> <span class='ocrx_word' id='word_1_319' title='bbox 457 4031 536 4074; x_wconf 84' lang='lat' dir='ltr'>ex</span> <span class='ocrx_word' id='word_1_320' title='bbox 580 4012 703 4076; x_wconf 91' lang='lat' dir='ltr'>inc.</span> <span class='ocrx_word' id='word_1_321' title='bbox 754 4012 880 4076; x_wconf 92' lang='lat' dir='ltr'>inc.</span> <span class='ocrx_word' id='word_1_322' title='bbox 926 4010 1063 4077; x_wconf 90' lang='lat' dir='ltr'>fab.</span> <span class='ocrx_word' id='word_1_323' title='bbox 1109 4033 1168 4076; x_wconf 83' lang='lat' dir='ltr'>v.</span> <span class='ocrx_word' id='word_1_324' title='bbox 1204 4013 1288 4076; x_wconf 87' lang='grc'>28</span> <span class='ocrx_word' id='word_1_325' title='bbox 1335 4013 1562 4076; x_wconf 70' lang='lat' dir='ltr'>dextra</span> <span class='ocrx_word' id='word_1_326' title='bbox 1607 4010 1825 4076; x_wconf 89' lang='lat' dir='ltr'>medio</span> <span class='ocrx_word' id='word_1_327' title='bbox 1872 4012 1942 4074; x_wconf 90' lang='lat' dir='ltr'>in</span> <span class='ocrx_word' id='word_1_328' title='bbox 1987 4015 2222 4092; x_wconf 83' lang='lat' dir='ltr'>versu).</span> 
     </span>
    </p>

    <p class='ocr_par' dir='ltr' id='par_1_10' title="bbox 293 4115 3017 4414">
     <span class='ocr_line' id='line_1_35' title="bbox 513 4115 3016 4183; baseline -0.001 -1"><span class='ocrx_word' id='word_1_329' title='bbox 513 4117 658 4182; x_wconf 88' lang='lat' dir='ltr'>Iam</span> <span class='ocrx_word' id='word_1_330' title='bbox 705 4117 790 4182; x_wconf 90' lang='lat' dir='ltr'>ad</span> <span class='ocrx_word' id='word_1_331' title='bbox 839 4117 1455 4182; x_wconf 88' lang='lat' dir='ltr'>declinationem</span> <span class='ocrx_word' id='word_1_332' title='bbox 1502 4116 1814 4183; x_wconf 88' lang='lat' dir='ltr'>ducimur.</span> <span class='ocrx_word' id='word_1_333' title='bbox 1863 4117 2205 4182; x_wconf 87' lang='lat' dir='ltr'>Nonnulla</span> <span class='ocrx_word' id='word_1_334' title='bbox 2243 4115 2565 4181; x_wconf 85' lang='lat' dir='ltr'>adiectiva</span> <span class='ocrx_word' id='word_1_335' title='bbox 2602 4116 2799 4180; x_wconf 85' lang='lat' dir='ltr'>etiam</span> <span class='ocrx_word' id='word_1_336' title='bbox 2830 4115 3016 4180; x_wconf 85' lang='lat' dir='ltr'>Cice·</span> 
     </span>
     <span class='ocr_line' id='line_1_36' title="bbox 293 4221 3015 4306; baseline -0 -18"><span class='ocrx_word' id='word_1_337' title='bbox 293 4224 474 4288; x_wconf 85' lang='lat' dir='ltr'>ronis</span> <span class='ocrx_word' id='word_1_338' title='bbox 521 4229 738 4289; x_wconf 85' lang='lat' dir='ltr'>aetate</span> <span class='ocrx_word' id='word_1_339' title='bbox 785 4224 979 4289; x_wconf 89' lang='lat' dir='ltr'>modo</span> <span class='ocrx_word' id='word_1_340' title='bbox 1016 4224 1130 4301; x_wconf 90' lang='grc' dir='ltr'>ΙΙ.,</span> <span class='ocrx_word' id='word_1_341' title='bbox 1165 4224 1361 4289; x_wconf 91' lang='lat' dir='ltr'>modo</span> <span class='ocrx_word' id='word_1_342' title='bbox 1408 4224 1536 4290; x_wconf 89' lang='lat' dir='ltr'><strong>III.</strong></span> <span class='ocrx_word' id='word_1_343' title='bbox 1578 4222 2033 4289; x_wconf 86' lang='lat' dir='ltr'>declinationis</span> <span class='ocrx_word' id='word_1_344' title='bbox 2072 4244 2213 4288; x_wconf 88' lang='lat' dir='ltr'>esse</span> <span class='ocrx_word' id='word_1_345' title='bbox 2251 4225 2440 4306; x_wconf 90' lang='lat' dir='ltr'>pueri</span> <span class='ocrx_word' id='word_1_346' title='bbox 2477 4223 2753 4287; x_wconf 89' lang='lat' dir='ltr'>discunt.</span> <span class='ocrx_word' id='word_1_347' title='bbox 2801 4221 3015 4288; x_wconf 88' lang='lat' dir='ltr'>Multo</span> 
     </span>
     <span class='ocr_line' id='line_1_37' title="bbox 295 4327 3017 4414; baseline -0.001 -18"><span class='ocrx_word' id='word_1_348' title='bbox 295 4332 503 4396; x_wconf 86' lang='lat' dir='ltr'>maior</span> <span class='ocrx_word' id='word_1_349' title='bbox 549 4330 713 4396; x_wconf 90' lang='lat' dir='ltr'>haec</span> <span class='ocrx_word' id='word_1_350' title='bbox 760 4330 1122 4396; x_wconf 87' lang='lat' dir='ltr'>formarum</span> <span class='ocrx_word' id='word_1_351' title='bbox 1168 4331 1450 4396; x_wconf 84' lang='lat' dir='ltr'>varietas</span> <span class='ocrx_word' id='word_1_352' title='bbox 1497 4331 1566 4396; x_wconf 90' lang='lat' dir='ltr'>in</span> <span class='ocrx_word' id='word_1_353' title='bbox 1601 4333 1821 4414; x_wconf 90' lang='lat' dir='ltr'>prisco</span> <span class='ocrx_word' id='word_1_354' title='bbox 1862 4350 2157 4394; x_wconf 90' lang='lat' dir='ltr'>sermone</span> <span class='ocrx_word' id='word_1_355' title='bbox 2196 4329 2334 4395; x_wconf 87' lang='lat' dir='ltr'>fuit.</span> <span class='ocrx_word' id='word_1_356' title='bbox 2382 4327 2585 4399; x_wconf 86' lang='lat' dir='ltr'>Velut</span> <span class='ocrx_word' id='word_1_357' title='bbox 2622 4333 2693 4394; x_wconf 92' lang='lat' dir='ltr'>in</span> <span class='ocrx_word' id='word_1_358' title='bbox 2730 4329 3017 4394; x_wconf 77' lang='lat' dir='ltr'>carmine</span> 
     </span>
    </p>
   </div>
   <div class='ocr_carea' id='block_1_6' title="bbox 300 4476 720 4485">
    <p class='ocr_par' dir='ltr' id='par_1_11' title="bbox 300 4476 720 4485">
     <span class='ocr_line' id='line_1_38' title="bbox 300 4476 720 4485; baseline 0 0"><span class='ocrx_word' id='word_1_359' title='bbox 300 4476 720 4485; x_wconf 95' lang='lat' dir='ltr'> </span> 
     </span>
    </p>
   </div>
   <div class='ocr_carea' id='block_1_7' title="bbox 507 4540 3013 4876">
    <p class='ocr_par' dir='ltr' id='par_1_12' title="bbox 512 4540 1941 4610">
     <span class='ocr_line' id='line_1_39' title="bbox 512 4540 1941 4610; baseline -0.003 -14"><span class='ocrx_word' id='word_1_360' title='bbox 512 4540 533 4577; x_wconf 81' lang='lat'>²</span> <span class='ocrx_word' id='word_1_361' title='bbox 567 4542 844 4609; x_wconf 87' lang='lat' dir='ltr'>Ribbeck,</span> <span class='ocrx_word' id='word_1_362' title='bbox 883 4543 1016 4596; x_wconf 90' lang='lat' dir='ltr'>‘Die</span> <span class='ocrx_word' id='word_1_363' title='bbox 1054 4542 1330 4594; x_wconf 69' lang='lat' dir='ltr'>romische</span> <span class='ocrx_word' id='word_1_364' title='bbox 1369 4540 1696 4610; x_wconf 70' lang='lat' dir='ltr'>Tragodie’,</span> <span class='ocrx_word' id='word_1_365' title='bbox 1735 4557 1788 4608; x_wconf 93' lang='lat' dir='ltr'>p.</span> <span class='ocrx_word' id='word_1_366' title='bbox 1820 4541 1941 4595; x_wconf 86' lang='grc'>238.</span> 
     </span>
    </p>

    <p class='ocr_par' dir='ltr' id='par_1_13' title="bbox 509 4629 1526 4700">
     <span class='ocr_line' id='line_1_40' title="bbox 509 4629 1526 4700; baseline -0.001 -18"><span class='ocrx_word' id='word_1_367' title='bbox 509 4629 532 4663; x_wconf 86' lang='lat'>²</span> <span class='ocrx_word' id='word_1_368' title='bbox 567 4629 964 4700; x_wconf 81' lang='lat' dir='ltr'>Engelbrecht‚</span> <span class='ocrx_word' id='word_1_369' title='bbox 1008 4631 1162 4684; x_wconf 75' lang='lat' dir='ltr'>stud.</span> <span class='ocrx_word' id='word_1_370' title='bbox 1208 4630 1318 4686; x_wconf 85' lang='lat' dir='ltr'>Ter.</span> <span class='ocrx_word' id='word_1_371' title='bbox 1354 4649 1410 4699; x_wconf 92' lang='lat' dir='ltr'>p.</span> <span class='ocrx_word' id='word_1_372' title='bbox 1438 4630 1526 4684; x_wconf 84' lang='lat'>29.</span> 
     </span>
    </p>

    <p class='ocr_par' dir='ltr' id='par_1_14' title="bbox 509 4717 1446 4789">
     <span class='ocr_line' id='line_1_41' title="bbox 509 4717 1446 4789; baseline -0.003 -16"><span class='ocrx_word' id='word_1_373' title='bbox 509 4719 532 4752; x_wconf 82' lang='lat'><strong>³</strong></span> <span class='ocrx_word' id='word_1_374' title='bbox 567 4719 654 4774; x_wconf 80' lang='lat' dir='ltr'>Cf.</span> <span class='ocrx_word' id='word_1_375' title='bbox 690 4719 1156 4789; x_wconf 78' lang='lat' dir='ltr'>Neue-Wagener</span> <span class='ocrx_word' id='word_1_376' title='bbox 1191 4717 1288 4772; x_wconf 80' lang='lat'>11³</span> <span class='ocrx_word' id='word_1_377' title='bbox 1327 4721 1446 4774; x_wconf 90' lang='grc'>176.</span> 
     </span>
    </p>

    <p class='ocr_par' dir='ltr' id='par_1_15' title="bbox 507 4807 3013 4876">
     <span class='ocr_line' id='line_1_42' title="bbox 507 4807 3013 4876; baseline -0.001 -14"><span class='ocrx_word' id='word_1_378' title='bbox 507 4809 530 4843; x_wconf 82' lang='lat'><strong>⁴</strong></span> <span class='ocrx_word' id='word_1_379' title='bbox 567 4810 736 4863; x_wconf 79' lang='lat' dir='ltr'>A653</span> <span class='ocrx_word' id='word_1_380' title='bbox 772 4809 1098 4876; x_wconf 86' lang='lat' dir='ltr'>Buecheler,</span> <span class='ocrx_word' id='word_1_381' title='bbox 1135 4814 1198 4862; x_wconf 85' lang='lat' dir='ltr'>ut</span> <span class='ocrx_word' id='word_1_382' title='bbox 1235 4813 1476 4862; x_wconf 84' lang='lat' dir='ltr'>metrum</span> <span class='ocrx_word' id='word_1_383' title='bbox 1514 4809 1851 4876; x_wconf 82' lang='lat' dir='ltr'>restitueret,</span> <span class='ocrx_word' id='word_1_384' title='bbox 1890 4808 2106 4862; x_wconf 64' lang='grc' dir='ltr'>ἀσκίον-α</span> <span class='ocrx_word' id='word_1_385' title='bbox 2142 4807 2329 4871; x_wconf 87' lang='lat' dir='ltr'>(codd.</span> <span class='ocrx_word' id='word_1_386' title='bbox 2360 4811 2493 4874; x_wconf 54' lang='lat' dir='ltr'>dra)</span> <span class='ocrx_word' id='word_1_387' title='bbox 2533 4809 2683 4862; x_wconf 80' lang='lat' dir='ltr'>iutra</span> <span class='ocrx_word' id='word_1_388' title='bbox 2718 4825 2769 4860; x_wconf 83' lang='lat' dir='ltr'>v.</span> <span class='ocrx_word' id='word_1_389' title='bbox 2809 4807 3013 4876; x_wconf 86' lang='lat' dir='ltr'>posuit.</span> 
     </span>
    </p>
   </div>
  </div>
 </body>
</html>
