3567 5109
1394 303 1878 368 —185—

250 517 622 582 indicativo
664 515 1085 582 coniunctum
1120 516 1449 581 invenitur
1486 515 1556 580 A
1579 516 1775 599 180J1
1819 537 2100 600 namque
2137 513 2370 581 audire
2397 517 2556 597 volo,
2595 515 2658 578 si
2683 519 2780 579 est
2803 535 2993 598 quem

254 631 511 710 exopto,
549 625 914 690 recentiore
952 645 1099 688 cum
1137 623 1552 688 coniunctivo
1590 622 1661 687 A
1681 623 1810 687 326
1839 622 2234 707 provocavit,
2271 621 2335 686 si
2367 626 2530 687 esset
2562 621 2713 705 quis
2743 669 2758 686 .
2797 669 2812 686 .
2847 670 2862 686 .
2905 657 2992 667 -

252 731 351 796 In
400 731 759 797 enuntiatis
806 729 1367 796 condicionalibus
1414 735 1715 811 tempora
1758 748 1898 794 non
1944 727 2322 808 concinunt,
2371 734 2444 791 ut
2481 748 2678 811 saepe
2723 733 2878 792 ante
2925 733 2994 790 et

254 845 422 921 post
467 837 853 904 Ciceronem
869 838 910 918 ¹,
958 837 1137 902 velut
1181 836 1240 901 P
1261 839 1387 902 148
1447 836 1579 914 Qui
1624 843 1697 918 te,
1744 836 1886 901 nisi
1917 837 2112 902 illum
2150 841 2225 900 tu
2259 834 2588 920 occupa-3²,
2638 836 2756 900 leto
2793 832 2993 898 dabit‘

248 945 385 1010 -P7
418 967 549 1010 non
576 945 1029 1030 intellegimus,
1066 945 1207 1009 nisi
1240 945 1303 1008 si
1328 943 1588 1026 dixeriS,
1626 941 1693 1007 A
1717 944 1843 1007 149
1873 944 1936 1007 si
1959 944 2210 1026 vincar,
2246 943 2510 1007 nullum
2536 947 2634 1008 est
2649 941 2990 1026 probrum,

261 1054 401 1117 293
457 1052 605 1134 Qui,
650 1052 793 1117 nisi
826 1051 1183 1136 yenitorem
1228 1052 1379 1132 ullo,
1426 1050 1692 1115 mellum
1736 1049 1898 1115 meis
1945 1048 2060 1114 dat
2099 1051 2306 1133 finem
2341 1048 2646 1130 miserias,
2695 1046 2993 1112 similiter

261 1158 340 1223 A
362 1160 489 1224 308
554 1159 641 1225 Ut
678 1180 880 1241 nunc,
926 1180 1077 1223 mam
1118 1159 1459 1222 animatus
1504 1157 1657 1238 iere,
1703 1157 1868 1222 satis
1911 1162 2210 1221 armatus
2255 1177 2425 1220 sum.

484 1282 579 1348 Ut
634 1281 917 1366 denique
974 1282 1609 1347 consecutionem
1654 1285 2084 1363 temporum
2141 1279 2482 1362 attingam,
2543 1278 2992 1343 coniunctivus

264 1388 639 1472 imperfecti
690 1410 1003 1473 praesens
1056 1387 1443 1454 historicum
1499 1388 1795 1470 sequitur
1848 1385 2088 1466 A229,
2138 1389 2290 1466 281,
2356 1391 2586 1452 contra
2641 1391 2794 1469 post
2847 1405 2990 1469 per-

262 1495 517 1562 fectum
563 1491 931 1562 admittitur
977 1496 1425 1561 conjunctivus
1471 1494 1838 1577 praesentis
1885 1493 1952 1558 A
1975 1495 2296 1578 599s600:

875 1640 1084 1705 Iussit
1118 1639 1459 1724 proficisci
1501 1639 1807 1702 exsilium
1852 1638 2079 1722 quomis
2117 1636 2435 1721 yentium,

870 1747 973 1812 Ne
1014 1747 1239 1812 scelere
1287 1752 1396 1810 tuo
1448 1745 1734 1810 Thebani
1775 1749 2138 1808 vaste-scant
2179 1743 2340 1826 ayri,

265 1888 593 1968 videlicet,
641 1893 718 1953 ut
760 1889 979 1967 verba,
1028 1887 1201 1952 sicut
1243 1889 1316 1954 in
1364 1887 1658 1952 oratione
1706 1892 1888 1952 recta
1932 1885 2250 1950 mandata
2295 1889 2470 1964 sunt,
2517 1883 2894 1949 reddantur.

486 2013 632 2078 Iam
687 2011 813 2079 hac
859 2033 1120 2097 quoque
1166 2018 1355 2095 parte
1400 2010 1487 2076 ad
1542 2009 1739 2075 finem
1784 2009 2106 2095 perducta
2151 2029 2471 2074 summam
2518 2029 2765 2088 eorum,
2823 2029 2992 2092 quae

269 2120 769 2202 disputavimus,
808 2121 904 2185 ita
942 2118 1497 2203 comprehendere
1534 2139 1904 2202 possumus,
1944 2124 2019 2183 ut
2047 2116 2341 2182 dicamus
2369 2115 2658 2180 Pacuvio
2689 2120 2756 2179 et
2782 2113 2990 2179 Accio

264 2226 491 2291 locum
534 2227 711 2292 inter
735 2226 1049 2292 Plautum
1097 2233 1162 2291 et
1207 2224 1589 2290 Terentium
1634 2223 2124 2309 adsignandum
2173 2244 2336 2302 esse,
2385 2222 2502 2288 sed
2546 2220 2753 2287 multo
2801 2219 2994 2304 plura

266 2335 353 2398 iis
393 2355 540 2398 cum
576 2333 691 2398 illo
750 2354 948 2416 quam
998 2353 1147 2398 cum
1182 2332 1330 2412 hoc,
1380 2332 1493 2414 qui
1539 2339 1606 2397 et
1640 2333 1928 2415 puritate
1967 2339 2034 2396 et
2068 2329 2442 2395 urbanitate
2482 2335 2768 2394 aetatem
2805 2349 2994 2393 suam

266 2441 467 2522 longe
504 2441 887 2523 praecurrit,
929 2440 1303 2505 communia
1331 2459 1493 2503 esse.
1538 2438 1774 2518 Multa,
1815 2444 1890 2503 ut
1927 2459 2030 2502 res
2068 2437 2213 2518 fert,
2251 2437 2474 2501 Ennio
2513 2457 2632 2500 eos
2668 2433 2990 2515 debuisse,

266 2548 367 2612 ita
412 2553 657 2627 tamen,
704 2552 780 2611 ut
826 2567 985 2630 opes
1030 2545 1112 2611 ab
1163 2567 1239 2611 eo
1287 2554 1592 2629 acceptas
1642 2546 1721 2611 de
1771 2567 1890 2611 suo
1937 2545 2212 2629 largiter
2254 2543 2762 2626 locupletarent3
2813 2541 2991 2608 haud

267 2674 486 2737 pauca
531 2673 613 2718 ex
656 2654 873 2737 patria
921 2643 1201 2719 dialecto
1249 2673 1362 2718 eos
1406 2651 1870 2733 introduxisse,
1917 2652 2268 2735 praecipue
2315 2650 2696 2729 Pacuvium,
2747 2650 2860 2733 qui
2908 2649 2992 2713 ob

268 2761 445 2825 hanc
492 2781 761 2826 causam
806 2759 1114 2827 Ciceroni
1159 2759 1371 2825 malus
1427 2764 1661 2824 auctor
1704 2758 2087 2824 Latinitatis
2143 2755 2348 2822 fuisse
2394 2756 2670 2821 videtur.
2738 2794 2823 2804 —
2885 2754 2991 2820 Ne

266 2887 426 2932 vero
493 2887 718 2932 eorum
780 2867 1135 2950 imaginem
1199 2865 1422 2949 aliqua
1490 2887 1571 2930 ex
1631 2870 1822 2948 parte
1878 2863 2332 2948 imperfectam
2387 2863 2856 2946 relinquamus,
2921 2863 2993 2928 in

272 2974 709 3057 appendice
759 2994 1032 3057 agamus

888 3274 978 3358 V.
1032 3274 1139 3357 De
1192 3270 1878 3356 translationibus
1935 3270 2016 3354 et
2068 3271 2376 3374 figuris.

491 3489 808 3573 Tragicos
862 3489 1017 3554 inde
1072 3486 1154 3554 ab
1199 3488 1444 3566 Ennio,
1512 3508 1659 3552 cum
1711 3487 1783 3550 in
1839 3486 2204 3552 elocutione
2259 3508 2302 3551 a
2357 3485 2643 3551 dictione
2689 3483 2996 3569 populari

272 3618 411 3662 non
475 3597 569 3661 ita
633 3596 913 3661 multum
966 3593 1325 3675 differrent,
1393 3594 1792 3659 ornamentis
1849 3615 1929 3658 ex
1983 3594 2321 3658 rhetorum
2375 3591 2530 3658 ludo
2591 3591 2992 3676 depromptis

278 3703 645 3769 orationem
709 3723 1108 3787 exaggerare
1173 3700 1501 3766 studuisse
1562 3701 1695 3766 iam
1751 3699 2000 3766 dudum
2057 3699 2472 3765 observatum
2519 3699 2674 3764 est⁸.
2768 3698 2993 3780 Atque

274 3811 557 3876 Accium
601 3811 672 3874 in
716 3808 953 3875 Asiam
996 3805 1365 3894 profectum
1410 3829 1573 3888 esse,
1621 3814 1697 3872 ut
1740 3806 2141 3873 clarissimos
2190 3813 2484 3872 oratores
2534 3803 2828 3870 Graecos
2877 3826 2992 3870 au-

278 3918 465 3996 diret,
516 3937 597 3981 ex
634 3914 838 3982 Gellii
874 3916 963 3982 N.
1002 3915 1145 4005 Att.
1182 3915 1373 3980 XIII
1410 3918 1471 3994 2,
1514 3917 1553 3979 2
1605 3915 2040 3998 comperimus
2087 3914 2358 3997 eiusque
2405 3910 2714 3996 aequales
2752 3911 2822 3975 in
2859 3919 2993 3976 tra-

278 4025 531 4108 goediis
569 4023 803 4088 harum
842 4023 1383 4089 exercitationum
1418 4021 1894 4104 experientiam
1934 4021 2278 4104 agnovisse
2318 4017 2512 4084 docet
2548 4017 2994 4103 Quintilianus

274 4131 339 4200 V
365 4133 467 4211 13,
517 4132 603 4195 43
649 4119 867 4196 Aiu‘nt
908 4130 1179 4195 Accium
1223 4131 1713 4214 interroyatum,
1760 4150 1881 4193 cur
1917 4149 2148 4192 causas
2184 4147 2321 4192 non
2355 4132 2582 4209 ayeret,
2630 4147 2779 4190 cum
2815 4123 3004 4209 apud⁴

274 4259 421 4304 eum
485 4238 563 4300 in
630 4236 971 4320 trayoedizte
1027 4241 1211 4300 tanta
1264 4237 1366 4300 m's
1418 4242 1580 4300 esset
1631 4236 1868 4318 optime
1915 4232 2364 4319 respondendi,
2429 4233 2598 4296 hanc
2641 4231 2994 4297 reddidisse

494 4445 513 4480 ¹
547 4447 733 4514 Blase,
768 4445 969 4500 ‘Arch.
1006 4445 1047 4499 f.
1072 4446 1181 4500 lat.
1221 4445 1377 4499 Lex.'
1413 4445 1471 4499 X
1507 4445 1633 4500 314.

491 4535 513 4571 ²
548 4538 617 4591 In
653 4537 835 4602 minis,
873 4553 1001 4590 cum
1038 4538 1279 4604 protasis
1316 4537 1526 4589 iussum
1565 4536 1832 4603 continet,
1873 4551 2092 4603 semper
2127 4532 2245 4587 fere
2280 4548 2541 4601 praesens
2570 4532 2822 4601 usurpari
2851 4532 2996 4586 eruit

279 4625 582 4695 Lindskog,
622 4625 701 4680 Dc
736 4623 1039 4679 enumiatis
1074 4625 1226 4694 apud
1260 4625 1446 4680 Plaut.
1484 4630 1533 4676 et
1578 4624 1685 4677 Ter.
1724 4622 2213 4692 condicionalibus,
2251 4619 2483 4674 Lundse
2524 4621 2678 4690 1895,
2715 4639 2770 4689 p.
2801 4621 2887 4676 28.

492 4713 514 4749 ⁸
549 4713 798 4782 Norden,
827 4712 1065 4768 ‘Antike
1094 4712 1471 4782 Konstprosa’
1499 4712 1559 4766 11
1589 4713 1711 4781 839,
1742 4713 1872 4776 889;
1911 4711 2047 4780 Len,
2076 4711 2340 4765 Analecta
2365 4707 2649 4766 Plautina.
2687 4709 2767 4763 De
2789 4709 2994 4779 fiqtcrv's

282 4804 549 4857 sermome
590 4803 665 4858 11.
695 4802 1003 4872 Gottingae
1043 4801 1199 4872 1898,
1234 4820 1287 4871 p.
1322 4803 1405 4859 11.
2971 4815 2975 4818 ·
