3567 5109
1629 239 2106 302 —120.—

515 435 808 493 maxime
855 431 1137 494 differre
1187 431 1367 494 Celsi
1417 432 1762 494 scribendi
1810 434 2144 494 rationem
2193 433 2263 492 in
2310 429 2684 492 Medicinae
2732 436 2797 491 et
2842 433 2913 490 in
2946 429 3232 490 Institu-

515 538 778 598 tionum
837 537 1292 599 oratoriarum
1348 536 1544 598 libris
1601 536 2042 599 statuendum
2100 538 2246 598 erit.
2312 535 2623 614 Namque
2668 536 2737 596 in
2782 534 2917 596 illis
2964 550 3233 612 nequa-

517 659 718 720 quam
745 641 1040 704 adfectat
1059 659 1309 721 purum
1331 659 1717 704 sermonem
1739 643 2074 715 Latinum,
2106 642 2317 727 immo
2338 659 2507 703 vero
2536 639 2914 722 permultas
2934 638 3236 702 Graecas

519 762 722 807 voces
771 750 1057 825 usurpat
1110 763 1335 824 neque
1382 746 1624 822 solum,
1671 763 1826 808 cum
1882 764 1993 808 res
2044 751 2311 820 tractat,
2358 745 2443 806 ad
2506 762 2675 824 quas
2737 742 3235 822 significandas

517 849 774 912 Latinis
831 856 1028 929 aptae
1075 867 1282 913 voces
1331 850 1578 914 desunt
1627 885 1704 894 —
1753 851 1826 913 id
1873 851 2063 929 quod
2109 849 2435 912 Brolenio
2484 850 2709 911 visum
2743 845 2901 926 est¹)
2952 880 3061 920 —,
3108 847 3239 909 sed

525 973 608 1016 ne
655 961 801 1016 tum
849 955 1127 1032 quidem
1175 974 1212 1017 a
1245 953 1523 1018 Graecis
1562 954 1909 1032 abstinuit,
1942 973 2096 1018 cum
2145 959 2301 1034 apta
2334 954 2544 1017 verba
2588 954 2825 1016 Latina
2870 953 3241 1014 exstabant

518 1065 632 1121 aut
679 1059 874 1122 facile
931 1058 1103 1138 fingi
1151 1059 1555 1139 poterant2).
1611 1059 1849 1139 Neque
1916 1058 2052 1121 dici
2116 1065 2345 1138 potest
2390 1058 2462 1120 id
2510 1076 2589 1120 ea
2633 1077 2709 1120 re
2756 1057 3015 1119 factum
3062 1074 3237 1130 esse,

520 1163 706 1242 quod
761 1167 832 1226 in
881 1163 1258 1226 Medicinae
1303 1165 1500 1226 libris
1559 1165 2055 1244 componendis
2102 1163 2409 1225 fontibus
2458 1162 2742 1225 Graecis
2786 1165 2875 1224 sit
2924 1179 3115 1238 usus,
3160 1162 3235 1221 in

515 1268 1074 1331 Institutionibus
1157 1275 1380 1332 autem
1465 1269 1983 1332 conscribendis
2059 1268 2459 1330 Latinorum
2539 1273 2810 1330 tantum
2890 1269 3235 1328 rationem

518 1373 850 1438 habuerit.
914 1374 1088 1437 Nam
1155 1372 1432 1436 Celsum
1497 1391 1582 1435 ex
1647 1375 1842 1437 libris
1905 1375 2271 1436 rhetoricis
2336 1371 2598 1434 Latinis
2656 1373 2866 1435 multa
2914 1370 3232 1433 hausisse

518 1497 657 1541 non
691 1479 972 1555 infitior,
1006 1479 1126 1542 sed
1161 1497 1315 1541 eum
1350 1477 1650 1541 Graecos
1683 1496 1973 1558 prorsus
2018 1479 2403 1557 neglexisse
2436 1478 2718 1540 credere
2750 1495 2890 1540 non
2924 1493 3237 1556 possum,

521 1585 924 1662 praesertim
960 1602 1114 1646 cum
1137 1583 1542 1663 probavisse
1572 1585 1736 1645 mihi
1761 1581 2002 1645 videar
2034 1601 2187 1645 eum
2223 1581 2623 1644 Aristotelis
2655 1587 2725 1644 et
2752 1581 3237 1660 Hermagorae

519 1690 775 1767 scripta
839 1690 1185 1752 rhetorica
1253 1693 1320 1750 et
1383 1687 1656 1750 novisse
1723 1693 1791 1750 et
1854 1688 2120 1766 legisse.
2184 1690 2424 1767 Itaque
2490 1686 2783 1764 Celsum,
2850 1705 3009 1750 cum
3074 1703 3235 1748 eum

518 1793 864 1855 scribendi
909 1795 1176 1856 ratione
1223 1793 1354 1856 alia
1400 1795 1468 1855 in
1517 1793 1915 1870 Medicinae,
1962 1793 2089 1855 alia
2136 1795 2205 1855 in
2238 1793 2753 1855 Institutionum
2800 1792 3001 1854 libris
3050 1809 3236 1854 com·

518 1897 859 1977 ponendis
926 1915 1124 1960 usum
1193 1915 1342 1961 esse
1407 1915 1631 1977 neque
1696 1897 2025 1961 traditum
2091 1899 2181 1959 sit
2246 1915 2469 1978 neque
2534 1915 2619 1961 ex
2679 1896 2817 1960 ulla
2875 1914 2952 1959 re
3012 1899 3241 1976 possit

519 2000 857 2078 concludi,
940 2020 1024 2064 ne
1099 2004 1167 2065 in
1233 2005 1337 2065 his
1424 2003 1702 2082 quidem
1793 2021 2036 2084 puram
2133 2003 2566 2066 Latinitatem
2656 2001 3045 2065 adfectasse
3124 2021 3241 2064 ex-

517 2107 768 2169 istimo.
834 2107 1080 2168 Veram
1129 2125 1276 2170 esse
1344 2110 1515 2171 hanc
1583 2111 1992 2171 sententiam
2043 2109 2149 2171 vel
2201 2126 2285 2170 ex
2338 2105 2741 2188 fragmentis
2784 2106 3239 2186 comprobari

519 2216 774 2291 potest3
839 2229 994 2273 nam
1064 2231 1148 2275 ex
1196 2212 1276 2274 fr.
1346 2219 1443 2276 10.
1509 2231 1663 2275 eum
1729 2211 1953 2292 Valgii
2019 2214 2525 2292 epichirematis
2589 2213 3237 2291 interpretationem

520 2315 832 2378 Latinam
881 2321 1228 2394 tamquam
1287 2319 1512 2378 minus
1561 2323 1791 2397 aptam
1846 2319 2168 2380 reiecisse
2213 2316 2679 2396 intellegimus
2727 2322 2797 2378 et
2843 2315 3237 2396 fragmento

520 2423 650 2484 20.:
709 2439 878 2481 nam
927 2417 1218 2499 (Celsus)
1269 2437 1651 2507 consequens
1694 2441 1793 2482 an
1839 2417 2309 2506 epichirema
2354 2417 2437 2482 eit
2478 2416 2729 2482 dubitat
2776 2439 2931 2484 eum
2980 2438 3235 2484 revera

518 2542 754 2588 vocem
843 2524 1173 2588 Graecam
1257 2528 1736 2606 epichirema
1827 2529 2193 2589 retinuisse
2268 2526 2657 2604 edocemur,
2738 2545 2895 2588 cum
2970 2525 3239 2598 Quinti·

518 2629 759 2704 lianuS,
825 2633 944 2709 qui
1010 2632 1250 2694 eodem
1317 2632 1471 2695 loco
1540 2629 1719 2694 Celsi
1778 2632 2278 2711 epacoluthesis
2344 2634 2979 2711 interpretationem
3048 2651 3237 2695 con-

521 2752 871 2814 sequens
948 2734 1190 2813 adfert,
1268 2743 1452 2800 certe
1525 2740 1726 2800 etiam
1804 2735 2333 2817 epichirematiS,
2382 2739 2439 2798 si
2506 2753 2711 2816 quam
2788 2736 3241 2813 exhibuisset,

521 2839 862 2904 attulisset
876 2841 948 2918 ³).

731 2944 922 3016 Quae
970 2963 1126 3008 cum
1173 2947 1265 3009 ita
1314 2947 1468 3026 sint,
1516 2946 1913 3009 Cornelium
1946 2944 2221 3010 Celsum
2271 2963 2425 3008 cum
2471 2945 2708 3009 multis
2754 2946 2924 3008 locis
2971 2952 3120 3008 tum
3165 2949 3235 3008 in

522 3049 761 3128 figuris
810 3048 1306 3122 describendiS,
1354 3067 1644 3128 quarum
1694 3052 2007 3114 doctrina
2054 3068 2091 3112 a
2125 3050 2403 3113 Graecis
2436 3052 2730 3112 maxime
2765 3057 2911 3112 erat
2944 3052 3237 3124 exculta,

523 3153 817 3216 Graecas
881 3170 1087 3216 voces
1151 3152 1478 3215 adiecisse
1546 3153 1868 3216 arbitror.
1934 3154 2249 3217 Profecto
2317 3154 2500 3233 apud
2548 3154 2900 3216 Romanos
2949 3157 3233 3216 omnino

523 3259 736 3323 moris
756 3254 972 3320 fuisse
1005 3257 1299 3332 videtur,
1331 3264 1407 3319 ut
1439 3257 1509 3319 in
1540 3256 1791 3336 figuris
1825 3258 2267 3337 designandis
2301 3261 2502 3321 etiam
2536 3257 2932 3320 nominibus
2954 3257 3235 3322 Graecis

525 3367 912 3438 uterentur;
951 3379 1108 3424 nam
1142 3361 1477 3424 Rutilium
1523 3363 1795 3442 Lupum
1839 3364 2339 3443 appellationes
2371 3361 2668 3424 Graecas
2700 3363 2883 3425 solas
2916 3363 3237 3426 attulisse

523 3472 763 3530 notum
797 3474 900 3528 est
931 3473 1140 3547 atque
1175 3467 1526 3530 Visellium
1560 3487 1696 3530 non
1731 3469 1953 3530 solum
1988 3469 2246 3544 Latina,
2278 3468 2401 3530 sed
2433 3471 2639 3531 etiam
2670 3467 2929 3531 Graeca
2960 3469 3236 3531 nomina

527 3571 920 3633 adhibuisse
954 3591 1039 3634 ex
1073 3572 1179 3632 his
1213 3572 1478 3634 conicio
1512 3574 1708 3636 Fabii
1741 3574 1976 3636 verbis
2019 3573 2141 3652 (IX
2177 3577 2231 3650 2,
2270 3573 2454 3652 106):
2508 3567 2822 3650 Visellius,
2854 3591 3235 3658 quamquam.

735 3779 774 3842 ¹)
815 3779 848 3831 l.
887 3778 924 3826 l.
961 3791 1016 3840 p.
1059 3779 1136 3826 10.

735 3865 773 3928 ²)
814 3864 990 3914 veluti
1027 3863 1086 3914 11
1127 3867 1174 3926 1,
1212 3877 1266 3927 p.
1295 3866 1379 3930 29,
1407 3878 1459 3916 v.
1486 3867 1546 3914 31
1577 3877 1659 3926 sq.
1688 3865 1778 3915 D.:
1806 3861 2044 3914 resolutio
2068 3879 2371 3928 nervorum,·
2402 3861 2707 3929 παράλυσιν
2734 3861 2927 3915 Graeci
2946 3866 3237 3929 nommant,-

525 3953 663 4004 ibid.
699 3966 752 4014 p.
791 3954 875 4017 31,
916 3955 1004 4002 13:
1039 3952 1208 4000 malus
1255 3949 1480 4013 corporis
1525 3949 1751 4015 habitus,
1798 3948 2053 4016 καχεξίαν
2094 3951 2284 4002 Graeci
2320 3951 2611 4018 appellant3
2650 3951 2821 4019 1112,
2848 3965 2901 4014 p.
2928 3955 3013 4018 56,
3046 3956 3109 4004 18
3127 3967 3235 4017 sq.:

525 4053 793 4102 :quamtum
836 4037 995 4101 aeris,
1039 4053 1192 4100 quam
1227 4034 1422 4086 λεπίδα
1457 4037 1654 4104 χαλκοῦ
1696 4037 1887 4088 Graeci
1920 4046 2129 4101 vocant5
2183 4041 2245 4091 11
2288 4043 2373 4105 23,
2410 4054 2464 4102 p.
2503 4043 2587 4102 73,
2614 4041 2645 4090 7
2688 4053 2785 4092 aa:
2820 4038 2981 4090 herba
3002 4041 3233 4106 mio-alis,

524 4123 803 4190 περδίκων
844 4124 1144 4188 appellant.
1165 4164 1180 4180 .
1202 4164 1213 4175 .
1251 4123 1416 4174 herba
1457 4125 1798 4191 sanguinalis,
1844 4143 2001 4190 quam
2049 4125 2243 4178 Graeci
2284 4125 2585 4190 πολύγονον
2626 4131 2846 4177 vocant.
2868 4164 2881 4177 .
2903 4164 2917 4179 .
2940 4164 2953 4178 .
2988 4126 3235 4196 colmam,

527 4229 677 4276 quam
705 4211 966 4278 στρύχνον
998 4212 1185 4264 Graeci
1205 4219 1412 4274 vomat,-
1450 4213 1556 4262 VII
1591 4217 1668 4274 18,
1688 4228 1741 4276 p.
1771 4217 1891 4278 295,
1917 4215 2009 4266 26:
2054 4213 2244 4280 ὄσχεον
2272 4213 2477 4280 Graeci,
2512 4219 2728 4264 scrotum
2750 4212 2959 4264 nostri
2992 4222 3237 4278 vocant,-

528 4299 670 4351 VIII
709 4305 757 4365 1,
801 4315 854 4363 p.
894 4303 1012 4360 324,
1049 4303 1116 4354 29
1137 4315 1246 4364 sq.:
1305 4299 1488 4366 Iuyale
1544 4299 1883 4363 appellari
1932 4309 2141 4363 potest
2196 4301 2262 4351 ab
2316 4301 2496 4351 eadem
2554 4299 2906 4366 similitudine,
2960 4317 2995 4351 α
3028 4318 3129 4366 qua
3179 4303 3239 4352 id

533 4383 725 4438 Graeci
766 4385 984 4451 ζύγωμα
1014 4386 1309 4450 appellant,-
1337 4389 1478 4440 ibid.
1505 4401 1559 4450 p.
1589 4391 1708 4451 326,
1734 4390 1828 4438 21:
1865 4387 2073 4437 nostri
2119 4391 2366 4438 scutula
2402 4395 2642 4457 operta,
2682 4385 3011 4454 ὠμοπλάτας
3050 4387 3240 4440 Graeci

527 4477 814 4542 nominant3
865 4476 1004 4525 VIII
1041 4479 1093 4544 3,
1132 4491 1184 4539 p.
1223 4479 1342 4540 330,
1380 4479 1472 4530 26;
1517 4475 1748 4539 πιοιίἰοὶο,
1789 4492 1941 4538 quam
1975 4475 2242 4542 χοινικίὸα
2283 4476 2475 4527 Graed
2510 4485 2734 4539 υοοαηες
2776 4477 2919 4528 ibid.
2946 4489 3001 4538 p.
3028 4477 3147 4538 332,
3174 4480 3229 4527 9:

519 4579 620 4625 per
655 4579 800 4624 quem
839 4561 1164 4610 „ambranos
1201 4568 1364 4612 custos
1399 4562 1728 4622 &antistatum
1765 4562 2211 4627 μηνιγγοφύλακα
2253 4563 2443 4613 Graeci
2478 4570 2675 4624 vocant,
2718 4565 2831 4614 alia
2869 4563 3065 4613 multa.

738 4649 777 4710 ³)
819 4650 1074 4698 Fortasse
1144 4650 1310 4699 etiam
1359 4663 1424 4698 ex
1473 4650 1541 4698 fr.
1592 4653 1700 4703 14.:
1752 4647 2019 4710 Siquidem
2090 4649 2269 4699 Celsus
2350 4653 2701 4716 κακέμφατον
2758 4648 2901 4712 apud
2958 4647 3233 4712 Vergilium

523 4740 674 4796 pateat
713 4751 764 4795 q.
807 4749 845 4782 s.
888 4735 1108 4783 Celsum
1148 4748 1178 4782 a
1219 4735 1445 4784 Graecis
1483 4737 1776 4784 vocabulis
1816 4749 1927 4783 non
1969 4738 2307 4786 abstinuisse
2345 4739 2539 4798 colligi
2578 4739 2725 4787 licet.
