3567 5109
1474 294 1904 357 -71-

548 484 839 546 Proclisi
892 486 1268 547 verborum
1319 491 1736 547 excusantur
1788 486 1922 547 duo
1973 503 2229 561 versus
2296 490 2411 565 qui
2462 487 2755 550 verbum
2804 505 3037 550 mono-

333 588 679 669 syllabum
751 597 910 668 post
995 589 1283 652 verbum
1363 590 1734 651 iambicum
1818 590 2173 652 exhibent:
2255 591 2367 667 XI,
2452 598 2561 653 67:
2643 592 2805 651 mori
2876 590 3035 675 siem

335 692 410 765 X,
465 699 578 753 35:
629 690 762 751 suia
806 688 998 775 αίΙΙῙ).

545 798 624 859 In
717 796 958 859 eodem
1053 814 1262 860 versu
1354 804 1646 860 exeunte
1739 797 2068 859 Paulinus
2148 801 2333 860 omni
2419 816 2583 861 cura
2678 819 3037 862 numerum

333 900 703 961 iambicum
753 908 1002 963 servat.
1051 900 1339 963 Plurimi
1388 902 1572 964 enim
1606 918 1852 963 versus
1888 905 1955 963 in
1990 904 2277 965 verbum
2312 903 2681 965 iambicum
2717 904 3041 966 desinunt

333 1013 398 1067 et
469 1007 779 1085 exceptis
857 1004 1091 1067 verbis
1154 1006 1490 1069 encliticis
1557 1006 1821 1084 (XXIV,
1897 1013 2051 1067 605:
2118 1007 2343 1089 priora
2406 1014 2583 1068 sunt:
2650 1014 2805 1069 639:
2868 1014 3036 1087 qesta

331 1117 513 1173 snut:
565 1113 722 1171 820:
794 1108 1025 1169 ›nimtus
1069 1107 1176 1189 sit)
1243 1112 1718 1192 monosyllaba
1788 1130 1923 1173 non
1983 1113 2442 1174 admittuntur
2504 1112 2634 1173 nisi
2700 1115 2767 1173 in
2818 1114 3039 1174 tribus

329 1214 653 1277 versibus
708 1214 813 1295 (X,
881 1220 992 1290 37;
1045 1215 1286 1280 XXIV.
1340 1220 1490 1290 167;
1561 1216 1797 1291 XXIV,
1864 1218 2033 1293 492),
2108 1217 2177 1277 in
2244 1216 2494 1295 quibus
2558 1222 2615 1273 et
2688 1218 2815 1277 hoc
2888 1218 3039 1277 loco

331 1322 718 1393 invenitur3
773 1320 1188 1399 synaloepha
1235 1328 1458 1381 autem
1511 1338 1666 1381 cum
1714 1338 1885 1382 voce
1934 1321 2381 1383 antecedente
2430 1322 2771 1384 cohaeret.

543 1424 694 1485 Non
719 1427 988 1486 minore
1024 1442 1187 1486 cura
1212 1425 1536 1486 Paulinus
1571 1443 1871 1497 versum,
1907 1443 2108 1503 quem
2145 1427 2615 1505 sapphicum
2650 1428 3039 1489 minorem

329 1529 648 1603 dicimus,
705 1530 1034 1591 tractavit.
1104 1530 1184 1591 In
1234 1548 1372 1591 uno
1441 1533 1620 1591 enim
1687 1531 1836 1591 solo
1887 1548 2094 1591 versu
2160 1530 2371 1605 XVII,
2425 1536 2543 1589 145
2594 1525 2821 1609 (ducat
2872 1528 3041 1589 hunc

327 1652 524 1712 neqve
555 1630 884 1715 famulum
929 1654 1107 1693 suum
1144 1630 1308 1705 dux)
1351 1634 1638 1695 consilio
1673 1634 2227 1714 monosyllabum
2268 1633 2335 1695 in
2372 1634 2509 1697 fine
2543 1637 2843 1713 positum
2892 1652 3044 1696 esse

329 1738 496 1797 mihi
547 1739 828 1815 quidem
877 1738 1176 1828 videtur.
1217 1737 1386 1800 Cum
1439 1741 1686 1800 ceteris
1735 1756 1902 1800 vero
1956 1740 2182 1817 poetis
2230 1740 2521 1799 verbum
2571 1739 3039 1819 spondiacum,

329 1842 520 1919 quod
570 1845 848 1904 tertium
898 1850 964 1903 et
1013 1850 1328 1920 quartum
1382 1843 1802 1923 semipedem
1852 1844 2351 1921 complectitur,
2400 1845 2506 1904 hic
2554 1861 2691 1905 non
2750 1844 3041 1906 admisit.

545 1947 946 2008 Adonium
1014 1966 1287 2025 quoque
1355 1950 1583 2010 inveni
1635 1946 1873 2025 (XVII,
1922 1950 2033 2007 72:
2088 1964 2249 2031 quae
2296 1944 2567 2027 rapiunt
2612 1948 2716 2025 te),
2783 1951 2850 2008 in
2903 1968 3039 2027 quo

328 2069 542 2112 versu
591 2052 954 2132 rhythmus
1013 2052 1388 2133 dactylicus
1438 2052 1677 2113 enclisi
1729 2053 1925 2113 verbi
1975 2050 2432 2129 monosyllabi
2480 2049 2800 2115 efficitur.

544 2154 1063 2234 Asclepiadei
1141 2162 1366 2219 autem
1443 2156 1788 2218 minoris
1870 2156 2115 2235 pedem
2208 2156 2523 2217 ultimum
2616 2158 3036 2218 trochaicum

331 2262 666 2321 formavit
716 2262 996 2323 excluso
1046 2262 1129 2323 ab
1179 2264 1301 2323 hac
1349 2264 1510 2324 sede
1559 2260 2051 2339 monosyllabo

546 2366 800 2441 Restat,
849 2375 922 2427 ut
972 2368 1056 2428 de
1105 2366 1368 2429 Paulini
1419 2366 1912 2429 sententiarum
1964 2366 2284 2427 clausulis
2334 2383 2629 2444 agamus,

873 2766 1005 2847 IV.
1066 2766 1206 2847 De
1264 2767 1973 2847 sententiarum
2033 2764 2515 2845 clausulis.

547 2962 1000 3041 Perspicuum
1037 2973 1138 3023 est
1187 2963 1442 3040 poetas
1493 2964 1610 3040 qui
1645 2964 1711 3023 in
1749 2961 2121 3021 verborum
2160 2960 2401 3019 ordine
2434 2959 2794 3019 liberiores
2829 2966 3039 3036 erant,

335 3068 400 3125 in
483 3068 814 3128 clausulis
891 3070 1384 3129 sententiarum
1465 3065 1869 3127 ordinandis
1948 3082 2084 3125 non
2160 3064 2545 3125 severiores
2636 3065 2821 3141 leges
2908 3065 3042 3124 sibi

337 3172 776 3249 imposuisse.
851 3174 1084 3250 Neque
1169 3189 1333 3232 vero
1417 3174 1642 3232 minus
1725 3176 1913 3249 patet
1996 3170 2372 3231 sententiae
2452 3166 3039 3229 intermissionem

337 3278 562 3353 magis
607 3279 977 3337 convenire
1010 3293 1163 3337 cum
1214 3276 1352 3337 fine
1388 3276 1652 3337 ordinis
1689 3277 1953 3335 metrici
2004 3291 2207 3351 quam
2254 3289 2409 3332 cum
2444 3272 2683 3350 quovis
2720 3272 2855 3333 alio
2889 3272 3040 3334 loco

334 3387 448 3441 aut
493 3381 699 3459 paulo
734 3388 893 3443 ante
919 3390 1036 3442 aut
1068 3382 1296 3441 statim
1321 3387 1480 3459 post
1511 3380 1915 3441 incisionem
1940 3380 2323 3451 metricam;
2360 3379 2447 3437 ita
2484 3379 2682 3451 enim,
2716 3379 3039 3454 quoniam

335 3504 466 3544 vox
545 3488 1056 3563 pronuntiantis
1123 3485 1438 3547 subsistit
1483 3487 1552 3543 in
1603 3484 1740 3543 fine
1790 3484 2183 3555 sententiae,
2232 3480 2332 3555 fit,
2400 3489 2472 3540 ut
2538 3481 2764 3558 aliqua
2810 3498 3041 3543 nume·
3096 3497 3101 3501 ·

333 3608 576 3649 rorum
628 3607 789 3668 pars
835 3592 1061 3651 minus
1109 3595 1294 3650 recte
1335 3590 1774 3649 abstrahatur
1824 3587 1908 3647 ab
1956 3588 2060 3661 iiS‚
2106 3587 2191 3647 ad
2240 3601 2418 3663 quae
2465 3586 2779 3661 pertinet.

547 3694 816 3755 Paulini
883 3697 1183 3755 carmina
1229 3696 1358 3754 iam
1411 3695 1467 3753 si
1517 3699 1922 3771 spectamus,
1972 3692 2098 3751 hoc
2166 3690 2537 3751 observare
2584 3688 2761 3765 licet,
2808 3688 3041 3765 verba,

336 3817 517 3875 quae
567 3800 636 3858 in
685 3798 908 3860 soluta
955 3797 1264 3859 oratione
1313 3799 1610 3875 primum
1661 3797 1887 3856 locum
1936 3794 2250 3855 obtinere
2298 3810 2435 3853 non
2484 3800 2791 3871 possunt,
2851 3811 3040 3853 num-

339 3920 546 3979 quam
599 3906 664 3963 in
714 3903 992 3963 ineunte
1041 3919 1250 3963 versu
1298 3908 1412 3962 aut
1459 3901 1693 3962 statim
1740 3906 1901 3977 post
1950 3915 2297 3959 caesuram
2350 3914 2501 3957 esse
2552 3898 2895 3959 collocata.

549 4006 755 4067 Omni
800 4023 968 4067 vero
1019 4008 1126 4067 hic
1165 4006 1368 4084 poeta
1416 4004 1644 4066 studio
1695 4002 1887 4064 nisus
1934 4010 2057 4078 est,
2106 4009 2180 4063 ut
2226 4002 2297 4063 in
2345 4000 2488 4062 fine
2545 4002 3036 4079 pentametri

339 4112 612 4173 distichi
685 4117 1170 4189 argumentum
1239 4110 1536 4171 finiatur.
1606 4110 1794 4180 Quae
1861 4110 2198 4169 sententia
2266 4106 2807 4185 exceptionibuS,
2873 4122 3041 4181 quas

339 4219 744 4290 invenimus,
792 4218 976 4277 omni
1020 4233 1104 4277 ex
1140 4222 1334 4294 parte
1367 4216 1705 4275 firmatur.
1753 4212 1922 4275 Nam
1962 4213 2350 4291 parenthesi
2386 4210 2631 4271 mediis
2665 4210 3041 4270 sententiae

339 4321 568 4381 verbis
602 4321 870 4391 iniecta,
901 4338 1078 4399 quae
1103 4320 1404 4381 occurrit
1425 4318 1600 4394 XXI,
1638 4324 1779 4392 301,
1814 4320 2019 4379 ceteri
2056 4333 2331 4394 quoque
2366 4316 2607 4393 poetae
2633 4315 3037 4374 sententiam

548 4534 582 4591 ¹)
629 4530 750 4579 Huc
787 4530 1032 4591 pertinet
1071 4542 1266 4577 versus
1305 4530 1367 4589 X,
1417 4532 1534 4577 201:
1575 4541 1774 4585 cunam,
1818 4526 1896 4572 mi.
1940 4526 2008 4573 At
2037 4526 2105 4573 de
2146 4524 2381 4572 lectione
2424 4535 2616 4571 versus
2654 4534 2765 4571 non
2807 4525 3039 4570 constat.

347 4617 619 4667 Exhibeat
659 4618 808 4667 enim
846 4617 1089 4667 codices:

540 4706 746 4769 iqnoncc
783 4719 970 4753 amana
1005 4719 1240 4767 (amem.-
1279 4703 1326 4751 N
1367 4704 1435 4770 V3
1475 4700 1665 4750 ‹mais-e.-
1691 4701 1780 4764 W3
1826 4700 2026 4747 amanti
2066 4698 2175 4745 1111
2201 4700 2255 4759 v)
2303 4698 2349 4743 .τὲ
2381 4710 2577 4757 fferam,
2614 4695 2749 4757 quod
2784 4692 3004 4754 eaepeslit.

342 4793 660 4859 Legendum
697 4806 818 4843 esse
854 4789 1106 4839 ‘clemens’
1150 4796 1310 4853 putat
1340 4788 1725 4853 Zechmeister,
1755 4787 2048 4835 Hartelius
2091 4784 2354 4846 proponit
2393 4780 2492 4827 ειηὶ*
2538 4782 2629 4830 vel
2657 4778 2831 4829 “mihi’.
