3567 5109
1615 291 2091 354 —134—

613 551 618 560 ,
709 484 935 555 Quare
999 503 1156 547 cum
1203 484 1664 556 Quintilianus
1729 485 1965 548 multis
2030 485 2203 548 locis
2269 503 2527 560 eorum,
2594 504 2767 566 quae
2816 485 3059 549 Celsus
3116 487 3211 548 ⁴de

502 593 778 650 oratore
826 588 1066 651 futuro
1115 588 1559 662 informando
1593 592 2125 670 conscripserat,
2158 592 2495 653 rationem
2526 590 2846 653 habuisse
2874 591 3211 666 videatur,

504 711 598 767 ea,
656 711 829 772 quae
879 693 1251 756 Morawski
1307 694 1376 772 (l.
1423 694 1466 756 l.
1515 712 1576 773 p.
1631 694 1694 772 1)
1743 694 1830 756 de
1877 693 2071 757 Fabii
2128 695 2292 756 libri
2338 697 2545 774 primi
2599 693 2913 758 fontibus
2958 714 3209 776 propo-

504 799 660 872 suit,
709 800 800 860 ita
847 799 1171 860 mutanda
1217 816 1369 860 esse
1418 805 1608 878 put0,
1655 804 1732 860 ut
1763 798 2227 870 Quintilianus
2274 817 2414 862 non
2448 803 2965 878 grammaticum
3000 818 3210 880 quen-

504 902 677 979 dam,
725 902 849 965 sed
882 901 1158 964 Celsum
1203 905 1644 984 potissimum
1677 910 1957 965 secutus
2005 922 2099 982 ea,
2132 921 2305 982 quae
2354 903 2439 966 de
2482 905 2890 984 primordiis
2938 905 3211 966 dicendi

503 1014 573 1070 et
620 1007 704 1070 de
751 1008 1044 1071 lectione
1091 1015 1447 1070 oratorum
1497 1014 1564 1069 et
1597 1008 2088 1072 historicorum
2123 1008 2308 1088 apud
2340 1009 2694 1072 rhetorem
2729 1015 2799 1072 et
2830 1009 2915 1072 de
2946 1011 3213 1072 ratione

505 1111 928 1175 declamandi
976 1113 1200 1190 habet,
1247 1114 1562 1176 videatur
1611 1115 2127 1193 conscripsisse.

711 1216 855 1280 Iam
885 1235 1054 1279 vero
1087 1218 1171 1279 ad
1193 1220 1412 1297 ipsius
1443 1220 1612 1281 artis
1643 1225 2005 1298 praecepta
2026 1217 2334 1281 Celsiana
2354 1218 2757 1298 explicanda
2789 1219 3211 1281 accedamus

506 1321 746 1384 Finem
809 1322 1196 1385 rhetoricae
1265 1322 1508 1385 Celsus
1571 1325 1939 1404 proposuit
2006 1323 2222 1387 hunc:
2256 1319 2527 1384 ·Dice·re
2586 1319 3098 1404 persuasibiliter
3142 1322 3213 1382 in

503 1421 698 1486 dubia
743 1421 923 1485 civili
961 1423 1231 1487 materia
1293 1426 1409 1506 (fr.
1461 1427 1567 1506 2.).
1630 1429 1779 1491 Non
1848 1427 2025 1491 dixit
2063 1423 2473 1514 persuadere,
2538 1428 2661 1490 sed
2706 1423 2912 1489 dicere
2954 1447 3214 1509 persua-

503 1527 782 1608 sibiliter,
829 1533 977 1594 sine
1025 1531 1256 1610 dubio,
1316 1552 1402 1595 ne
1452 1535 1712 1614 opponi
1760 1537 2017 1612 posset,
2086 1533 2274 1612 quod
2320 1532 2783 1605 Quintilianus
2829 1534 2935 1598 his
2981 1535 3214 1598 verbis

506 1636 864 1699 indicavit:
913 1656 1128 1697 verum
1171 1644 1229 1696 et
1263 1637 1553 1719 pecunia
1589 1633 1941 1720 persuadet
1984 1643 2045 1698 et
2084 1634 2300 1720 qratia
2346 1645 2404 1697 et
2446 1637 2799 1699 auctoritas
2844 1634 3115 1718 dicentis
3158 1644 3215 1699 et

506 1736 804 1823 difflzitas,
843 1747 1156 1823 postremo
1196 1727 1733 1824 aspectus'ctiam
1775 1742 1913 1824 ipse
1957 1741 2095 1802 siue
2136 1761 2283 1804 voce
2329 1761 2390 1822 q.
2439 1761 2491 1808 S.
2547 1743 2643 1821 (ΙΙ
2696 1751 2795 1822 15,
2845 1744 2931 1821 6).
3009 1742 3217 1805 Voca-

508 1847 690 1908 bulis
747 1846 817 1906 in
861 1842 1054 1906 dubia
1083 1843 1287 1907 -civili
1326 1845 1598 1908 materia
1645 1851 1858 1910 vertit
1906 1847 2161 1910 Graeca
2226 1847 2339 1910 illa
2398 1847 2479 1909 τὰ
2524 1848 2817 1910 πολιτικὰ
2866 1849 3211 1930 ζητήματα;

508 1964 681 2030 quae
728 1968 882 2014 eum
917 1954 1300 2014 accuratius
1349 1953 1806 2031 explicavisse
1840 1958 2038 2032 puto:
2090 1951 2551 2023 Quintilianus
2584 1956 2768 2014 enim
2805 1953 3078 2016 Celsum
3129 1951 3215 2014 de

507 2055 694 2118 nulla
737 2073 814 2118 re
845 2056 1190 2118 dicturum
1237 2074 1386 2119 esse
1422 2063 1784 2132 oratorem,
1819 2060 1951 2119 nisi
1987 2057 2071 2119 de
2122 2075 2253 2136 qua
2288 2064 2671 2136 quaeratur,
2718 2060 3145 2120 existimasse
3165 2056 3210 2134 ¹)

510 2159 735 2223 tradit.
801 2160 1005 2232 Quod
1061 2163 1299 2240 utique
1365 2181 1504 2224 non
1572 2181 1655 2225 ex
1722 2162 1876 2224 solo
1942 2164 2292 2224 enuntiato
2358 2160 2429 2221 in
2476 2158 2668 2224 dubia
2724 2159 2909 2223 civili
2950 2157 3216 2222 viatoria

512 2266 806 2344 collegit.
867 2265 1134 2328 Deinde
1169 2265 1569 2329 Cornelium
1615 2267 1702 2330 de
1751 2267 2273 2346 quaestionibus
2322 2268 2731 2348 quibusdam
2778 2268 3218 2348 generalibus

513 2373 739 2450 egisse
797 2372 1115 2433 conicere
1160 2389 1531 2451 possumus
1581 2390 1664 2434 ex
1731 2373 1812 2434 fr.
1863 2381 1953 2434 3.:
2014 2371 2257 2432 Ora-tm·
2316 2369 2523 2432 simile
2566 2378 2819 2433 tantum
2883 2369 3022 2433 veri
3058 2371 3217 2454 petit

511 2521 711 2538 .....
758 2493 884 2533 non
948 2471 1113 2535 euim
1175 2471 1336 2536 bona
1385 2473 1797 2552 conscientia,
1858 2473 1971 2538 sed
2032 2473 2309 2537 victoria
2357 2473 2672 2560 litz‘qantis
2718 2483 2808 2536 est
2842 2477 3215 2560 praemium

513 2614 590 2622 -
650 2585 717 2658 et
783 2595 868 2640 ex
934 2580 1094 2642 Iulii
1141 2579 1489 2644 Severiani
1539 2581 1772 2645 verbis
1836 2581 1945 2643 his
2014 2583 2102 2662 (p.
2146 2587 2293 2660 356,
2360 2583 2577 2660 8ss.):
2646 2577 2728 2642 In
2795 2567 3023 2643 ceteris
3064 2581 3215 2667 fere

510 2679 745 2744 studiis
804 2702 1020 2744 venam
1083 2684 1434 2770 quaeritur,
1479 2681 1645 2764 finis
1707 2692 1917 2746 autem
1980 2684 2293 2747 oratoriae
2338 2683 2595 2748 virtutis
2656 2693 2747 2747 est
2790 2685 2932 2756 veri
2972 2683 3216 2748 similia

511 2785 756 2852 disn‘sse
801 2786 902 2850 vel
947 2797 1193 2850 tantum
1237 2787 1643 2869 contendisse,
1691 2770 1999 2876 quantum
2044 2811 2151 2854 res
2188 2811 2392 2873 passa
2436 2791 2520 2854 sit
2566 2787 2654 2850 ad
2698 2791 3044 2855 victoria-m.

723 2893 1186 2967 Quintilianus
1235 2894 1421 2959 Celsi
1476 2896 1561 2958 de
1607 2895 1752 2958 fine
1800 2900 2179 2960 sententiae
2242 2899 2408 2961 haec
2462 2897 2670 2961 verba
2742 2897 3217 2978 praemittit-7:

519 2996 786 3062 Cautius
839 2996 1213 3062 Theodorus
1261 2997 1621 3078 Gadareus,
1682 3009 1752 3062 ut
1794 3002 1925 3062 iam
1979 2999 2068 3062 ad
2112 3021 2216 3080 eos
2258 3001 2614 3080 veniamus,
2678 3001 2792 3088 qui
2831 3009 3031 3062 artem
3077 3001 3215 3088 qui-

511 3101 648 3165 dem
694 3124 822 3165 esse
853 3124 1010 3183 eam,
1041 3101 1150 3167 sed
1194 3124 1318 3166 non
1365 3104 1670 3167 virtutem
1703 3113 2120 3190 putaverunt.
2185 3104 2289 3167 Ita
2341 3105 2509 3169 enim
2564 3103 2747 3186 dicit,
2792 3115 2862 3167 ut
2917 3106 3089 3190 ipsis.
3122 3127 3217 3168 eo-

513 3231 656 3270 rum
699 3205 902 3270 verbis
957 3217 1127 3288 utar,
1184 3209 1300 3296 qui
1341 3209 1500 3272 haec
1555 3231 1638 3272 ea:
1687 3207 1936 3273 Graeco
1983 3209 2475 3275 transtulerunt:
2517 3233 2628 3272 ars
2674 3211 3006 3274 inventriae
3062 3232 3122 3293 q.
3168 3233 3220 3276 S.

515 3316 782 3388 Quibus
829 3335 914 3379 ex
962 3316 1195 3379 verbis
1238 3315 1518 3378 Celsum
1565 3318 1973 3380 rhetoricam
2022 3335 2174 3380 esse
2221 3325 2433 3380 artem
2476 3317 2882 3380 definivisse
2925 3324 3219 3398 apparet,

513 3424 915 3500 praesertim
962 3439 1117 3483 cum
1165 3427 1437 3501 praeter
1485 3421 1929 3485 Theodorum
1980 3429 2049 3485 et
2096 3422 2370 3486 Celsum
2436 3423 2693 3485 nullius
2758 3421 2881 3485 fiat
2942 3426 3219 3500 mentiO,

518 3532 608 3601 ut,
683 3528 740 3586 si
806 3525 991 3588 hunc
1057 3528 1379 3606 excipiaS,
1445 3544 1587 3588 non
1653 3527 1919 3604 habeaS,
1982 3527 2068 3590 ad
2132 3545 2337 3606 quem
2400 3534 2673 3608 praeter
2717 3526 2913 3590 illum
2960 3528 3220 3590 referas

518 3629 850 3709 pluralem
898 3650 1015 3694 eos.
1073 3631 1242 3694 Nam
1293 3631 1634 3720 definitiO,
1678 3649 1850 3710 quae
1884 3632 2214 3711 sequitur,
2280 3632 2751 3695 similitudinis
2818 3650 3019 3695 causa
3082 3631 3219 3694 adi-

518 3737 728 3798 citur:
789 3717 1046 3804 Quibus
1107 3755 1234 3796 uon
1297 3743 1444 3797 sunt
1508 3731 1868 3814 dissimiles,
1936 3734 2049 3821 qui
2111 3733 2189 3797 ab
2256 3732 2408 3796 aliis
2457 3733 2829 3816 traduntur,
2874 3733 3087 3825 qualis
3134 3745 3223 3796 est

515 3835 654 3899 ille:
687 3838 787 3900 vis
822 3841 988 3917 (non
1039 3840 1206 3905 dicit
1249 3841 1511 3919 artemo
1555 3836 1817 3900 videndi
1860 3860 1923 3921 q.
1958 3860 2009 3903 s.
2046 3841 2274 3913 Quare
2318 3841 2780 3920 fragmentum
2830 3843 3108 3904 tertium
3158 3851 3225 3904 et

519 3943 680 4006 Iulii
747 3944 1104 4008 Severiani
1171 3945 1416 4009 verba:
1481 3943 1556 4005 In
1623 3944 1842 4005 ceteris
1887 3945 2040 4030 fere
2102 3941 2331 4005 studiis
2393 3965 2607 4005 verum
2663 3945 2995 4030 quaeritur
3041 3966 3100 4025 q.
3153 3964 3221 4023 8.,

519 4049 796 4128 quibuS,
851 4068 1026 4129 quae
1072 4054 1247 4114 ratio
1296 4052 1671 4114 intercedat
1729 4051 1911 4112 inter
1958 4051 2374 4114 rhetoricam
2425 4057 2491 4112 et
2538 4056 2761 4113 cetera
2826 4051 3069 4127 studia,
3126 4053 3221 4113 in-

519 4155 800 4232 dicatur,
857 4156 941 4218 ad
1009 4158 1179 4219 hanc
1226 4174 1372 4219 rem
1438 4162 1747 4236 spectare
1796 4157 1963 4237 mihi
2008 4156 2366 4232 videntur,
2396 4162 2472 4220 ut
2524 4155 2820 4235 Celsum,
2869 4173 2993 4218 cur
3036 4156 3223 4220 illam

729 4367 767 4427 ¹)
803 4367 871 4417 fr.
910 4369 960 4416 4.
999 4364 1298 4416 Reiciends
1335 4372 1418 4416 est
1453 4365 1684 4416 Kisselil
1723 4367 1896 4415 huius
1930 4365 2231 4427 fragmenti
2268 4365 2679 4427 interpretatiO,
2718 4377 2889 4426 quam
2918 4366 3007 4415 his
3031 4367 3227 4416 verbis

519 4454 757 4516 protulit
811 4453 884 4515 (p.
925 4454 1090 4514 100.):
1126 4451 1257 4502 ‘Der
1291 4453 1519 4504 Redner
1555 4451 1929 4514 (hahe).iiber
1974 4453 2160 4503 nichts
2209 4465 2276 4502 zu
2313 4452 2606 4515 sprechen,
2644 4452 2727 4502 als
2764 4463 2878 4502 was
2916 4453 3009 4502 die
3044 4452 3225 4515 Klage

520 4538 781 4600 angeli&
819 4539 1208 4596 Quintilianus
1245 4541 1395 4591 enim
1432 4540 1502 4590 de
1540 4542 1608 4590 iis
1643 4542 1830 4604 rebus,
1870 4553 2018 4602 quae
2068 4540 2139 4589 ad
2175 4540 2537 4598 rhetoricum,
2586 4552 2699 4588 non
2738 4539 2811 4588 de
2842 4539 2929 4598 iis,
2967 4553 3113 4603 quae
3152 4542 3223 4590 ad

517 4639 745 4696 causam
794 4629 1094 4687 pertinent,
1150 4629 1417 4690 disputat.
1475 4628 1558 4678 Cf.
1615 4629 1698 4678 111
1747 4631 1797 4690 ὕ,
1845 4631 1877 4677 3
1930 4626 2424 4675 ‘Praestantissimis
2476 4625 2761 4676 auctoribus
2808 4625 2985 4687 placet
3022 4627 3135 4676 alia
3170 4629 3224 4676 in

519 4711 764 4760 rhetorice
799 4726 924 4776 esse,
951 4725 1082 4775 quae
1113 4711 1466 4775 prohativnem
1502 4712 1799 4764 desiderent
1835 4729 1889 4776 q,
1915 4712 1975 4764 s?

729 4799 768 4858 2,
809 4799 868 4846 11
909 4801 988 4856 15,
1025 4801 1110 4850 21.
