3567 5109
1411 363 1845 425 ...31-

283 558 524 635 quinta
571 558 709 618 arsi
755 563 914 636 post
961 573 1314 618 caesuram
1379 554 2016 635 penthemimeren:
2080 556 2231 631 XII,
2300 558 2378 616 20
2446 554 2649 635 (tanto
2711 577 2979 637 aequore

273 660 525 742 ponti),·
590 661 836 738 XXIII,
886 667 1006 723 175
1057 656 1328 741 (liquido
1373 658 1752 743 interfuso),·
1817 659 2087 736 XXVII,
2146 665 2263 718 331
2335 659 2438 741 (in
2502 680 2621 743 quo
2685 659 2982 721 hactenus

281 764 496 847 (10901)
509 786 531 840 ,·
575 772 736 845 post
765 765 1434 845 hephthemimeren:
1483 764 1563 844 X,
1597 771 1718 825 316
1768 762 1877 845 (ne
1909 784 2003 824 me
2032 760 2352 845 ultimu3);
2398 765 2569 842 XVI,
2618 768 2737 828 261
2774 764 2982 847 (licito

281 865 436 930 utile
471 868 832 954 praefer-03
878 870 1150 947 XXXII,
1201 874 1280 932 67
1331 868 1565 951 (primo
1610 864 1831 929 ordine
1864 868 2185 950 ponunt);
2242 870 2515 947 XXXII,
2566 876 2689 932 204
2743 870 2833 951 (si
2875 870 2986 954 qui

284 970 458 1035 idola
522 972 727 1055 vitat).
819 976 1058 1055 Neque
1103 976 1379 1038 vocales
1428 976 1674 1038 breves
1739 979 1857 1036 aut
1904 973 2174 1036 mediae
2222 975 2501 1053 saepius
2550 994 2753 1055 (1113111
2803 974 2983 1039 XL¹‘⁸

285 1081 415 1142 hoc
479 1081 638 1143 loco
704 1099 860 1143 cum
914 1081 1137 1143 vocali
1205 1088 1649 1165 concurrunt,
1714 1099 2007 1159 quarum
2055 1080 2420 1142 elisionum
2488 1080 2672 1144 haud
2736 1086 2985 1161 exigua

289 1203 450 1263 pars
497 1191 727 1248 exstat
772 1192 930 1266 post
979 1204 1332 1249 caesuram
1382 1187 2040 1265 semiseptenariam.

497 1290 824 1369 Ingratus
869 1308 1034 1353 vero
1083 1296 1188 1354 est
1235 1310 1616 1354 concursus
1663 1292 1923 1353 vocalis
1968 1291 2219 1369 longae
2268 1310 2421 1353 cum
2456 1290 2649 1355 brevi
2680 1295 2749 1355 in
2780 1289 2990 1361 thesi

293 1390 593 1478 quintin
654 1414 790 1474 qua
837 1396 922 1457 de
969 1414 1174 1459 causa
1222 1397 1554 1459 Paulinus
1603 1414 1760 1457 eum
1811 1398 2094 1459 omnino
2139 1399 2404 1460 vitavit.
2448 1398 2693 1461 Brevis
2761 1405 2987 1461 autem

291 1499 552 1562 vocalis
601 1498 880 1563 XLVI¹⁰⁸
927 1520 1084 1563 cum
1135 1504 1454 1580 proxima
1501 1500 1768 1581 syllaba
1814 1501 1885 1562 in
1931 1520 2137 1564 unam
2190 1501 2348 1564 coit.

503 1606 676 1667 Tum
744 1606 1094 1685 quaelibet
1157 1605 1358 1669 elisio
1407 1606 1646 1669 durior
1690 1608 1761 1668 in
1809 1607 1914 1668 his
1962 1606 2384 1669 carminibus
2433 1608 2628 1670 abest
2678 1628 2715 1671 a
2760 1604 2991 1689 thesi,

295 1724 490 1793 quae
519 1706 890 1777 incisioni
926 1706 1524 1794 semiquinariae
1555 1706 1969 1777 antecedit.
2018 1710 2199 1773 Raro
2230 1714 2445 1789 igitur
2476 1714 2741 1794 syllaba
2770 1715 2993 1777 media

295 1821 520 1877 exstat
585 1822 741 1878 ante
800 1817 1108 1878 vocalem
1175 1820 1245 1877 et
1301 1834 1386 1877 ne
1450 1815 1764 1877 brevium
1835 1815 2113 1894 quidem
2182 1817 2312 1878 alia
2377 1824 2584 1895 atque
2630 1815 2657 1877 ν’
2701 1824 2770 1880 et
2814 1840 2845 1877 e
2891 1820 2997 1881 vel

295 1940 338 1979 (ι
386 1925 718 1998 sequente
783 1940 826 1981 a
894 1921 1062 1999 (XV,
1113 1926 1232 1983 173
1299 1927 1480 1982 asto-a
1543 1917 1809 2003 animo).
1888 1920 2105 1993 Quam
2172 1922 2260 1983 ob
2327 1941 2470 1984 rem
2537 1941 2677 1984 non
2744 1926 2995 1986 mirum

301 2030 406 2085 est
451 2025 730 2104 longam
777 2026 1086 2089 vocalem
1133 2044 1274 2090 non
1322 2025 1624 2088 inveniri
1656 2027 1726 2087 in
1761 2026 2053 2088 elisione
2093 2028 2227 2089 nisi
2259 2026 2369 2089 bis
2404 2028 2473 2089 in
2505 2027 2611 2089 his
2641 2028 2992 2091 versibus:

509 2146 738 2211 XXVII,
778 2149 869 2199 83:
907 2152 964 2197 et
998 2152 1237 2198 naturae
1273 2148 1468 2210 opifex
1506 2147 1645 2197 deus
1680 2148 1867 2197 omnis
1904 2151 1960 2197 et
1997 2146 2149 2210 artie,
2188 2148 2248 2197 in
2286 2148 2458 2197 omni.

507 2234 646 2283 ibid.
684 2236 810 2285 440:
850 2235 1113 2297 quamvis
1147 2236 1328 2285 sancti
1367 2248 1560 2327 omgies
1595 2239 1712 2285 toto
1749 2232 1915 2285 simul
1953 2236 2093 2284 orbe
2128 2249 2232 2297 per
2267 2249 2459 2287 unum.

303 2346 499 2421 Un'de
545 2358 1041 2438 probabilitate
1097 2377 1332 2422 carere
1395 2359 1718 2419 existimo
1786 2360 2274 2435 coniecturam,
2324 2378 2530 2437 quam
2596 2378 2805 2438 supra
2852 2362 3000 2423 teti-

299 2465 532 2543 gimus
581 2464 670 2545 (p.
719 2464 861 2543 23):

509 2586 656 2648 XXI,
693 2588 822 2639 785:
860 2600 974 2648 quo
1014 2588 1216 2636 totiens
1247 2584 1432 2652 (tuae)
1466 2598 1645 2648 aquae
1682 2598 1967 2649 possessor
2004 2599 2171 2651 egere
2206 2586 2448 2670 solebas.

511 2710 662 2771 Iam
708 2710 1228 2772 consideremus
1277 2711 1613 2789 reliquam
1660 2726 1905 2771 versus
1960 2709 2221 2771 heroici
2266 2709 2579 2792 partem,
2636 2728 2811 2789 quae
2860 2730 3004 2773 cae-

304 2835 470 2878 sura
545 2816 1224 2895 semiseptenaria
1303 2814 1610 2877 adhibita
1687 2816 1912 2878 media
1989 2820 2214 2876 exstat
2290 2810 2496 2879 inter
2542 2811 3003 2897 semipedem

303 2918 722 2989 secundum
771 2920 851 2987 et
894 2916 1110 2987 arsin
1155 2918 1486 2987 tertiam.

515 3027 737 3104 Atque
789 3027 1092 3104 primum
1139 3027 1269 3088 hoc
1314 3025 1472 3087 loco
1521 3025 2203 3087 commemorandum
2250 3030 2355 3085 est
2402 3025 2471 3086 in
2520 3027 2658 3086 arsi
2705 3026 3007 3087 secunda

306 3132 579 3194 admitti
643 3131 967 3194 elisiones
1031 3131 1410 3193 verborum
1474 3131 1933 3193 iambicorum
1998 3134 2065 3190 et
2130 3130 2754 3207 anapaesticorum,
2832 3150 3007 3209 quae

307 3242 596 3315 excepta
643 3235 782 3297 arsi
829 3242 1076 3313 quarta
1125 3236 1277 3297 aliis
1325 3236 1501 3297 locis
1551 3254 1690 3297 non
1737 3236 2210 3295 inveniuntur.

519 3342 693 3402 Tum
739 3340 812 3401 in
859 3341 1034 3403 thesi
1082 3340 1386 3403 secunda
1431 3358 1682 3417 magna
1730 3357 1897 3400 cura
1961 3337 2071 3400 hic
2118 3344 2307 3399 arcet
2371 3339 2853 3419 synaloephen,
2917 3340 3012 3401 ita

309 3454 388 3507 ut
434 3444 626 3507 solos
672 3444 849 3507 duos
898 3464 1146 3507 versus
1194 3445 1270 3521 V,
1318 3452 1397 3505 34
1447 3449 1514 3506 et
1561 3446 1636 3519 X,
1689 3450 1812 3505 197
1861 3443 2174 3505 invenire
2221 3445 2592 3523 potuerim,
2641 3446 2707 3504 in
2760 3444 3013 3522 quibus

310 3549 631 3612 enclitica
675 3568 790 3631 que
837 3567 1036 3612 suam
1082 3550 1392 3612 vocalem
1442 3556 1600 3612 ante
1649 3549 1963 3611 vocalem
2012 3547 2285 3609 amittit.

522 3654 745 3716 Porro
811 3657 878 3715 in
947 3657 1284 3731 versibus,
1349 3655 1468 3733 qui
1537 3672 1891 3717 caesuram
1958 3652 2617 3716 trithemimeren
2666 3660 2735 3715 et
2781 3653 3014 3732 heph-

313 3760 846 3821 themimeren
897 3760 1046 3821 sine
1096 3777 1382 3822 caesura
1431 3759 1755 3820 muliebri
1803 3758 1876 3818 in
1911 3758 2086 3836 pede
2120 3757 2329 3818 tertio
2365 3758 2712 3833 exhibent,
2760 3758 3015 3819 usitata

313 3872 422 3925 est
495 3864 915 3946 synaloephe
993 3867 1062 3928 in
1138 3866 1275 3928 arsi
1342 3865 1563 3937 tertia,
1639 3864 1771 3925 nisi
1839 3861 2025 3925 forte
2089 3880 2305 3923 unum
2369 3862 2661 3924 verbum
2729 3873 3020 3943 occupat

314 3975 540 4030 totum
588 3972 905 4049 spatium,
970 3970 1159 4050 quod
1225 3977 1330 4032 est
1396 3971 1576 4032 inter
1637 3970 1760 4029 has
1828 3985 2168 4030 caesuras,
2231 3967 2496 4029 Deinde
2546 3968 2779 4043 thesiS,
2845 3986 3020 4045 quae

315 4076 636 4152 proxime
718 4076 1065 4138 antecedit
1150 4075 1468 4137 incisioni
1555 4073 1901 4144 metricae,
1980 4071 2289 4149 qualibet
2366 4072 2651 4133 duriore
2729 4073 3019 4133 elisione

317 4178 542 4240 libera
610 4188 714 4243 est
779 4198 998 4259 aeque
1063 4198 1140 4243 ac
1207 4180 1424 4241 thesis
1491 4184 1650 4241 ante
1716 4196 2069 4241 caesuram
2149 4176 2711 4254 semiquinariam
2777 4179 3023 4256 posita.

325 4284 530 4345 Haud
593 4303 755 4347 raro
823 4291 1056 4348 autem
1122 4285 1428 4363 (circiter
1477 4280 1682 4363 XL¹‘·*)
1732 4280 1766 4337 ὅ
1826 4288 1895 4342 et
1940 4256 1971 4337 ἶ
2010 4282 2285 4343 vocales
2351 4280 2476 4342 hac
2541 4281 2608 4340 in
2660 4280 2821 4342 sede
2870 4299 3023 4343 cum

321 4395 656 4467 sequente
701 4391 924 4453 vocali
971 4390 1266 4472 synizesi
1315 4391 1853 4465 coniunguntur.
1948 4385 2189 4463 Itaque
2239 4402 2441 4463 saepe
2509 4385 2811 4446 iteratur
2858 4384 3024 4445 haec

323 4492 714 4557 hexametri
761 4494 1017 4557 forma:

603 4617 668 4684 V,
703 4618 798 4669 24:
836 4630 940 4667 nec
975 4618 1156 4667 solam
1193 4630 1446 4667 remeare
1488 4616 1752 4673 animam,
1790 4614 1887 4663 sed
1927 4625 2166 4675 corporo
2203 4616 2335 4661 tot0.

329 4742 462 4805 Hic
509 4742 650 4805 illic
694 4762 738 4803 a
780 4748 1012 4805 exstat
1057 4743 1126 4803 in
1173 4740 1632 4823 synaloepha:

537 4864 686 4927 XIX,
716 4866 840 4914 183:
878 4864 924 4915 Ο
964 4865 1144 4913 caecis
1181 4877 1336 4913 mens
1374 4862 1546 4923 digna
1587 4860 1791 4909 animis
1829 4864 1882 4907 et
1918 4859 2155 4907 numina
2196 4856 2393 4917 digna!
