3567 5109
1440 338 1911 400 —127-

325 525 513 597 Quod
589 549 728 589 cero
787 528 1038 590 eche-ma
1115 536 1208 589 est
1272 526 1358 588 ad
1410 525 1817 611 propositum
1878 527 2160 590 subiecta
2238 527 2433 604 ratic,
2500 527 2668 616 quod
2738 526 3021 592 Rutilius

319 633 716 714 αἰτιολογίαν
770 640 967 709 vocat,
1021 632 1296 696 Celsum
1356 635 1534 695 hanc
1597 635 1903 714 figuram
1962 635 2353 714 neglexisse
2401 636 2716 698 concludi
2776 641 3020 715 potest.

317 739 536 801 Immo
590 757 759 802 vero
819 739 943 802 has
992 738 1266 802 Celsum
1343 738 1594 818 figuris
1650 737 2107 799 sententiarum
2170 740 2730 802 adnumeravisse
2798 759 3023 819 neque

320 844 528 904 alium
578 850 782 923 atque
831 843 1106 906 Celsum
1162 843 1436 905 Isidoro
1469 844 1879 923 praebuisse
1924 843 2238 906 dixerim.
2304 845 2529 906 Minus
2576 845 2750 907 bene
2800 863 2913 906 res
2947 863 3021 907 se

319 947 520 1010 habet
585 949 670 1010 de
735 949 978 1028 figura,
1055 967 1228 1028 quae
1278 948 1538 1010 Graece
1603 954 1893 1011 vocatur
1939 953 2341 1011 anamnesis,
2409 949 2541 1011 Diu
2589 951 3019 1029 multumque

320 1051 666 1128 haesitavi,
713 1053 834 1114 sed
889 1071 1025 1131 quo
1075 1053 1472 1131 diligentius
1520 1070 1666 1114 rem
1719 1052 2077 1131 perpendi,
2124 1070 2205 1114 eo
2252 1056 2475 1132 magis
2518 1053 2850 1116 Rutilium
2896 1054 3017 1116 Isi-

319 1157 470 1219 dori
527 1162 881 1220 auctorem
937 1175 1074 1218 non
1133 1174 1284 1218 esse
1348 1155 1514 1218 mihi
1579 1155 1912 1236 persuasi.
1983 1157 2387 1230 Quintiliani
2455 1159 2733 1236 quidem
2802 1159 3017 1220 verba

323 1262 444 1339 (IX
495 1267 548 1337 2,
601 1262 791 1339 106):
858 1258 1146 1321 Rutilius
1207 1260 1338 1320 eice
1405 1257 1676 1342 Gm·9iae
1741 1261 2115 1343 ἀναγκαῖον,
2164 1261 2528 1344 ἀνάμνησιν
2576 1282 2635 1342 q.
2702 1282 2753 1326 S.
2820 1263 3021 1326 aliter

320 1367 622 1445 intellegi
689 1385 824 1429 non
895 1372 1184 1446 possunt
1250 1373 1452 1445 atque
1521 1367 1850 1428 Rutilium
1918 1363 2205 1426 ‘Praeter
2250 1362 2507 1442 illa...,
2562 1387 2725 1452 qucte
2797 1363 3018 1428 Cicero

324 1469 484 1530 inter
552 1467 795 1531 lumina
859 1469 1074 1552 posuit
1133 1469 1612 1530 sententiam-une
1680 1471 1886 1533 etiam
1953 1472 2070 1534 illa
2147 1471 2493 1534 schemata
2566 1476 3017 1553 proposuisse

317 1595 612 1656 eumque
657 1576 880 1638 solum
933 1582 1140 1654 atque
1187 1579 1506 1655 primum.
1552 1576 1871 1638 Attamen
1921 1579 1978 1639 si
1998 1583 2226 1652 ‚totam
2272 1577 2448 1639 hanc
2484 1577 3015 1657 disputationem

320 1681 436 1757 (IX
487 1684 544 1754 2,
604 1683 973 1759 102—107)
1041 1689 1359 1743 accurate
1423 1682 1823 1760 perlegeriS,
1888 1680 2387 1753 Quintilianum
2446 1699 2585 1744 non
2653 1683 2824 1744 satis
2870 1682 3015 1744 dili-

317 1791 559 1862 genter
621 1802 768 1848 rem
847 1791 1180 1848 tractasse
1247 1803 1644 1864 cognosces
1709 1787 1949 1863 Neque
2029 1786 2209 1848 enim
2290 1787 2453 1847 mihi
2530 1785 2816 1848 dubium
2896 1793 3016 1860 est,

318 1893 482 1968 quin
559 1889 804 1952 verba:
851 1887 1119 1950 Praeter
1192 1884 1307 1948 illa
1379 1909 1542 1965 veo-0,
1591 1907 1750 1974 quae
1823 1885 2043 1949 Cicero
2108 1889 2274 1949 inter
2340 1886 2584 1948 lumina
2626 1889 2838 1970 posuit
2882 1909 3017 1950 sen·

315 1989 648 2054 tentiam-um
697 1994 1062 2056 referenda
1109 1994 1251 2056 sint
1298 1993 1498 2056 etiam
1551 1995 1636 2057 ad
1685 2013 1780 2071 ea,
1848 2011 2027 2072 quae
2074 1999 2493 2073 sequuntur:
2552 1991 2815 2054 Praeter
2868 1992 3017 2054 haec

323 2091 537 2156 Celsus
590 2093 948 2174 excludere,
1001 2094 1372 2159 adseverare
1431 2116 1491 2176 q.
1547 2116 1617 2161 S..
1672 2099 1757 2160 At
1812 2097 2057 2160 Cicero
2114 2104 2183 2159 et
2236 2099 2681 2176 partitionem
2741 2105 2809 2160 et
2856 2117 3016 2178 pro-

313 2202 730 2280 positionem
781 2209 845 2264 et
892 2201 1302 2265 divisionem
1346 2204 1844 2266 sententiarum
1892 2201 2269 2264 luminibus
2320 2203 2695 2281 attribuit1).
2756 2205 3015 2265 Deinde

318 2307 502 2384 quod
553 2323 754 2385 supra
804 2307 1093 2368 indicavi
1144 2307 1310 2368 illud
1361 2305 1758 2387 ’ἀναγκαῖον
1808 2312 1874 2368 et
1922 2309 2049 2368 hoc
2096 2305 2251 2368 loco
2300 2313 2367 2368 et
2411 2305 2503 2368 IX
2538 2311 2596 2381 3,
2648 2314 2724 2366 99
2761 2309 3017 2370 inveni-

318 2418 445 2473 tur.
494 2411 706 2485 Adde,
757 2412 942 2488 quod
979 2410 1278 2473 Celsum.
1327 2415 1383 2472 si
1433 2410 1716 2489 figuras,
1766 2410 2017 2489 quibus
2064 2407 2305 2470 actioni
2333 2410 2553 2470 varios
2596 2407 2763 2470 velut
2808 2407 3019 2471 'rullus

315 2515 428 2576 dat
461 2521 722 2590 orator,
757 2516 1196 2576 ‘anamnesin’
1231 2518 1548 2577 omisisse
1595 2533 1884 2595 prorsus
1919 2534 2053 2577 non
2088 2521 2191 2576 est
2222 2513 2601 2593 probabile.
2647 2514 3012 2578 Praeterea

316 2618 785 2690 Quintilianus
817 2622 968 2698 ipse
1001 2619 1453 2682 hoc.schema
1500 2637 1640 2682 non
1677 2620 1874 2682 reicit
1920 2619 2013 2681 IX
2062 2626 2119 2696 2,
2170 2625 2279 2680 61:
2340 2615 2514 2679 Unde
2546 2619 2733 2678 etiam
2766 2620 3019 2679 venusti

311 2723 622 2782 transitus
657 2719 854 2802 fiunt.
909 2741 1034 2783 non
1099 2722 1252 2804 quia
1303 2722 1624 2787 transitus
1686 2723 1819 2804 ipse
1884 2722 1965 2782 eit
2026 2721 2294 2798 schevina,
2360 2730 2430 2782 ut
2482 2719 2699 2783 Cicero
2744 2731 3012 2784 narrato

318 2824 572 2888 Pisonis
615 2823 916 2908 exemplo,
964 2827 1077 2912 qui
1119 2823 1383 2886 amdum
1433 2825 1559 2886 sibi
1603 2823 1752 2887 eud-1⁸
1797 2824 1874 2886 ab
1921 2825 2185 2906 aurifice
2245 2825 2316 2886 in
2361 2824 2675 2887 tribunali
2716 2847 2833 2888 auo
2882 2828 3010 2891 iue-

313 2939 503 3008 serat‚
549 2927 754 2992 relut
799 2927 929 2992 hoc
983 2931 1060 2990 in
1107 2931 1529 2991 memoriam
1576 2929 1601 2990 ’ἱ
1613 2929 1942 2992 aductus
1986 2929 2248 2991 adiecit:
2302 2929 2447 2990 ‘Hic
2504 2928 2683 2991 modo
2712 2953 2807 2992 me
2852 2954 3010 2992 com·

313 3036 552 3095 monuit
617 3034 872 3097 Pisonis
934 3033 1192 3112 anulus,
1259 3033 1446 3119 quod
1493 3043 1716 3096 totum
1786 3033 2277 3118 efflu.›·erat';
2332 3055 2545 3114 quare
2610 3040 2860 3100 mirum
2910 3046 3009 3100 est

312 3143 466 3202 eum
528 3149 768 3221 postea
833 3141 1016 3204 idem
1083 3144 1377 3215 reicere;
1446 3159 1602 3202 nam
1668 3143 2128 3202 enuntiatum:
2198 3137 2309 3200 sed
2352 3148 2421 3198 ut
2483 3139 2631 3201 haec
2695 3160 2821 3200 non
2867 3149 3011 3202 suut

313 3241 624 3305 schemata
687 3245 772 3308 ad
841 3249 1086 3321 omnia,
1165 3263 1339 3323 quae
1415 3246 1843 3322 antecedunt,
1919 3246 2275 3324 pertinere
2352 3247 2693 3315 existimo,
2769 3243 3019 3310 Nonne

316 3351 522 3429 igitur
576 3352 872 3429 cogitari
937 3353 1167 3430 potest
1215 3349 1713 3420 Quintilianum
1780 3357 1901 3411 aut
1949 3368 2219 3412 errasse
2267 3359 2382 3412 aut
2430 3351 2497 3412 in
2548 3353 2669 3413 hac
2717 3370 2792 3412 re
2842 3358 3011 3413 trac-

313 3455 519 3516 tanda
589 3455 820 3516 minus
888 3455 1260 3532 diligenter
1323 3455 1593 3532 egisse?
1644 3453 1969 3517 Fortasse
2016 3467 2245 3517 autem
2296 3474 2406 3516 res
2456 3458 2551 3517 sic
2601 3455 3010 3534 explicanda

313 3566 432 3632 est,
478 3567 552 3621 ut
599 3576 752 3621 eum
803 3560 1040 3622 Rutilii
1093 3558 1267 3636 Lupi
1315 3557 1624 3619 libellum
1673 3559 1803 3620 hoc
1850 3561 2000 3620 loco
2036 3577 2174 3620 non
2218 3561 2558 3621 evolvisse
2592 3567 3007 3636 statuamus;

313 3681 473 3726 sane
541 3665 626 3726 de
693 3665 795 3741 iiS,
863 3681 1034 3742 quae
1101 3666 1168 3723 in
1235 3681 1320 3726 se.
1391 3666 1531 3724 102.
1601 3670 1668 3724 et
1721 3671 1859 3725 103.
1916 3664 2262 3742 leguntur,
2310 3663 2379 3724 id
2429 3669 2534 3725 est
2580 3667 2722 3725 veri
2773 3664 3011 3726 simile.

312 3769 485 3831 Nam
533 3768 841 3831 omnium
891 3768 1301 3844 figurarum,
1351 3787 1524 3846 quas
1572 3767 1858 3847 profert,
1908 3769 2101 3847 prius
2150 3770 2425 3830 nomina
2477 3769 2713 3830 Latina
2766 3767 3052 3839 adfort‚'

313 3881 452 3935 tum
519 3875 796 3936 demum
861 3873 1156 3935 Graeca:
1224 3869 1438 3931 Malta
1501 3869 1753 3936 alia...
1820 3869 2253 3935 Rutilz'ua....
2303 3881 2359 3930 et
2430 3869 2679 3948 Celsus,
2730 3869 3015 3931 videlicet

313 3973 551 4038 Rutilio
614 3973 932 4052 accedens,
995 3984 1354 4058 posuerunt
1415 3974 1768 4038 schemata:
1832 3976 2437 4054 consummationem,
2489 3997 2677 4062 quam-
2728 3974 3012 4037 Graecus·

312 4083 352 4151 †
383 4083 701 4163 διαμάχην
751 4089 1129 4157 coccu,....;
1180 4100 1573 4162 consequens,
1627 4077 1732 4141 ille
1798 4081 2490 4162 ἐπακολούθησιν....;
2570 4078 3011 4142 collectionem.

315 4185 425 4268 qni
482 4181 664 4270 apud
728 4181 908 4244 illum
963 4192 1051 4244 est
1097 4187 1546 4266 συλλογισμός;
1625 4186 1855 4258 minas,
1936 4181 2001 4244 id
2074 4192 2160 4244 est
2226 4183 2641 4264 κατάπληξιντ
2722 4183 3007 4245 exhorta-

362 4325 515 4332 --——-.b
592 4325 601 4330 .
630 4325 720 4330 --.-

519 4395 556 4454 ¹)
595 4393 663 4440 ct.
713 4393 782 4442 de
821 4393 972 4443 Orat.
1030 4393 1120 4443 III
1167 4396 1290 4443 203:
1331 4393 1729 4455 propositioque,
1786 4393 1908 4454 quid
1962 4394 2035 4442 sie
2072 4392 2323 4454 dicturus,-
2360 4394 2531 4455 paulo
2588 4399 2713 4455 post
2754 4394 3007 4443 adfertur

313 4477 620 4530 distributio:
679 4480 772 4530 Or.
834 4483 956 4530 137:
1014 4485 1067 4527 ut
1111 4485 1389 4542 proponat,
1446 4477 1574 4540 qnid
1609 4477 1836 4527 dicem-ue
1874 4480 1942 4526 nit.
1965 4521 1974 4530 .
1997 4517 2009 4530 .
2033 4515 2078 4530 ..
2139 4486 2190 4526 ut
2227 4479 2427 4528 dividat
2464 4482 2516 4526 in
2546 4485 2754 4542 partes,-
2794 4482 2917 4530 138:
2956 4485 3009 4526 ut

311 4564 452 4615 aliud
499 4565 597 4614 alii
643 4565 874 4614 tribuens
919 4565 1220 4627 dispertiat,-
1265 4580 1328 4616 ac
1377 4567 1564 4616 nescio
1604 4579 1674 4615 an
1717 4567 2005 4615 Ciceronis
2053 4569 2226 4616 verba
2276 4567 2391 4622 (Or.
2432 4567 2580 4626 138):
2619 4573 2671 4614 ut
2724 4565 3009 4628 denunciet,

311 4651 430 4715 quid
481 4659 700 4702 careant
753 4667 874 4703 eum
934 4653 1135 4702 Iahnio
1200 4654 1347 4714 (adn.
1408 4655 1477 4703 ad
1526 4654 1676 4703 hunc
1713 4654 1916 4714 locum)
1955 4655 2023 4702 ad
2062 4655 2572 4715 comminationem,
2614 4666 2757 4714 quae
2795 4652 3007 4702 Graece

312 4747 542 4792 vocatur
578 4737 922 4802 κατάπληξις,
961 4741 1255 4790 referenda
1292 4741 1404 4789 sint
1441 4741 1496 4790 et
1532 4742 1708 4794 verba
1745 4745 1799 4787 ut
1836 4739 2143 4805 deprecetur,
2170 4746 2221 4788 uc
2246 4739 2495 4800 mymlicet
2520 4739 2665 4788 idem
2692 4739 3012 4800 significent

312 4837 474 4892 atque
513 4829 762 4878 Cornelii
804 4829 949 4877 Celsi
983 4830 1203 4890 pree-ari,
