3567 5109
996 1267 1168 1386 IV..
1200 1267 1620 1348 Isidorus
1677 1267 2293 1364 Hispalensis.

503 1465 834 1544 Episcopi
880 1463 1320 1542 Hispalensis
1355 1462 1540 1538 libri,
1574 1479 1995 1541 quamquam
2030 1479 2127 1538 ea,
2160 1480 2335 1541 quae
2382 1464 2453 1525 in
2487 1464 2572 1525 iis
2606 1466 3000 1540 traduntur⁷

288 1586 434 1629 non
471 1567 560 1630 ab
582 1567 702 1629 illo
734 1567 1128 1647 excogitata
1182 1574 1362 1644 sunt,
1395 1567 1715 1648 profecto
1749 1566 2128 1646 spernendi
2162 1585 2302 1630 non
2336 1574 2513 1632 sunt.
2544 1569 2679 1640 Qui
2712 1571 2824 1632 vir
2852 1589 3001 1651 sep-

289 1675 466 1734 timo
553 1674 828 1734 saeculo
912 1673 1303 1735 litterarum
1383 1671 1636 1734 studiis
1709 1689 1959 1752 parum
2007 1672 2319 1752 propitio
2386 1680 2667 1753 praeter
2732 1681 3001 1739 ceteros

289 1777 616 1839 eruditus
667 1776 900 1838 multis
948 1783 1018 1839 et
1065 1776 1424 1839 veteribus
1473 1776 1901 1852 auctoribuS,
1951 1795 2253 1857 quorum
2302 1777 2568 1858 scripta
2614 1785 2807 1842 aetas
2860 1798 3001 1844 non

287 1883 474 1953 tulit,
532 1899 702 1943 usus
750 1887 876 1944 est.
925 1883 1116 1944 Inter
1165 1883 1396 1944 omnia
1447 1889 1677 1944 autem
1725 1883 1874 1944 eius
1923 1881 2189 1961 scripta
2239 1882 2421 1958 libri,
2471 1901 2646 1962 quos
2698 1885 2804 1947 ‘de
2867 1887 3000 1947 ori·

287 1989 456 2064 gine
503 1987 942 2066 quarundam
985 1988 1242 2049 rerum*
1289 1989 1698 2065 composuit,
1745 1989 2069 2050 eminent.
2114 1987 2369 2049 Iisdem
2403 1988 2628 2067 capita
2662 1990 3003 2068 quaedam

289 2094 378 2155 de
444 2091 794 2154 rhetorica
864 2093 1258 2170 conscripta
1324 2091 1620 2153 inseruit
1685 2090 1778 2167 (ΙΙ
1834 2091 2087 2167 1—21).
2153 2090 2341 2162 Quae
2397 2092 2536 2153 iam
2604 2096 3001 2158 accuratius

287 2194 766 2262 tractabimus,
834 2195 1024 2274 quod
1073 2193 1257 2256 Celsi
1315 2195 1706 2258 doctrinam
1771 2195 1843 2256 in
1899 2195 1986 2258 iis
2051 2195 2268 2257 latere
2316 2197 2773 2275 suspicamur.
2865 2198 3000 2261 Sed

287 2299 704 2380 priusquam
747 2300 834 2363 ad
864 2300 1048 2362 hanc
1081 2317 1226 2362 rem
1262 2300 1576 2378 aggressi
1609 2301 1887 2376 erimuS,
1935 2299 2023 2362 de
2069 2300 2325 2363 Isidori
2371 2300 2685 2365 fontibus
2733 2304 2803 2365 in
2852 2305 2999 2366 uni-

287 2423 575 2468 versum
623 2404 868 2484 paucis
911 2403 1440 2484 disputabimus

500 2509 812 2572 Primum
862 2508 1246 2587 quaeritur,
1295 2508 1640 2570 adieritne
1687 2508 2059 2588 episcopus
2108 2508 2550 2587 Hispalensis
2616 2512 2997 2591 scriptores

286 2615 614 2678 Graecos.
661 2614 810 2677 Hoc
859 2619 1046 2675 certe
1093 2612 1492 2692 negandum
1539 2619 1662 2676 est.
1707 2611 2063 2675 Sermonis
2112 2613 2299 2677 enim
2334 2612 2586 2677 Graeci
2622 2634 2773 2678 non
2827 2619 2998 2680 satis

287 2720 562 2800 peritus
629 2717 784 2789 fuit,
851 2723 929 2779 ut
992 2717 1063 2779 id
1127 2717 1364 2780 facere
1410 2722 1664 2798 posset.
1741 2717 1947 2789 Quod
1994 2717 2480 2781 demonstrare
2528 2719 2874 2796 videntur,
2922 2729 2999 2784 ut

288 2825 522 2903 aliqua
587 2823 832 2885 saltem
899 2822 1232 2898 adferam,
1280 2822 1624 2901 imprimis
1679 2822 1830 2884 ·duo
1895 2823 2032 2883 loci
2076 2822 2225 2885 eius
2270 2822 2455 2900 libri,
2525 2824 2645 2903 qui
2694 2826 2777 2886 de
2825 2826 2999 2888 viris

275 2929 686 2992 ‘illustribus
775 2925 1254 3006 inscribitur¹).
1335 2929 1414 2990 In
1505 2929 1738 3008 capite.
1794 2928 1972 2990 enim
2040 2927 2148 2992 IV.
2213 2930 2415 2990 huius
2480 2929 2691 2991 libelli
2780 2929 2994 2993 Theo-

290 3033 564 3108 dorum,
613 3031 1145 3112 Mopsuestcnae
1211 3031 1407 3094 urbis
1473 3032 1901 3112 episcopum,
1948 3051 2227 3092 sev-onom
2278 3027 2527 3092 Graeco
2589 3029 2766 3092 mille
2830 3031 3002 3094 volu·

286 3134 536 3197 minu-m
601 3155 914 3198 summam
979 3133 1433 3217 conscripsisse
1518 3136 1766 3212 tradit;
1836 3142 2139 3198 attamen
2186 3155 2275 3198 ne
2323 3155 2539 3199 unum
2596 3137 2876 3216 quidem
2925 3140 3002 3200 Ii-

288 3241 494 3304 brum
545 3240 956 3304 nominatim
1005 3249 1527 3318 commemorat,
1575 3241 1833 3304 nedum
1883 3241 2224 3321 quaedam
2272 3259 2359 3304 ex
2407 3241 2493 3304 iis
2540 3241 2831 3306 adferat.
2919 3243 3001 3306 In

291 3347 519 3426 capite
587 3352 820 3408 autem
896 3345 1088 3422 XIX„
1137 3346 1256 3407 ubi
1337 3345 1486 3424 agit
1563 3346 1648 3408 de
1695 3346 1954 3409 Ioanne
2002 3346 2521 3426 chrysostomo,
2579 3359 2786 3426 quem
2834 3348 3001 3411 item

294 3447 543 3512 Graeco
608 3447 854 3530 eloquio
899 3447 1108 3512 multa
1163 3457 1223 3510 et
1278 3447 1634 3532 praeclara
1679 3447 1995 3533 opusc-ula
2036 3451 2442 3514 'condidisse
2488 3451 2727 3528 refert,
2760 3453 2816 3514 V
2849 3452 2995 3531 qui-

291 3558 448 3620 dem
517 3556 778 3635 scripta
841 3557 1156 3618 nominat
1200 3573 1566 3636 paucaque
1650 3555 1735 3616 de
1800 3556 1888 3628 iis
1955 3555 2139 3632 dicit,
2208 3557 2331 3618 sed
2400 3556 2657 3619 additis
2723 3557 2990 3629 verbis:

287 3659 349 3720 E
380 3657 612 3742 quibus
659 3655 872 3720 utitur
929 3656 1266 3723 Latinitas
1313 3657 1558 3722 duobus
1607 3667 1704 3723 et:
1771 3656 1895 3720 Est
1942 3657 2135 3720 etiam
2180 3667 2242 3721 et
2288 3657 2468 3722 alius
2518 3657 2673 3722 liber
2716 3658 2997 3722 ez'usdem

287 3763 466 3847 apud
497 3761 770 3826 Latinos
802 3782 958 3826 eum
993 3765 1574 3845 interpretatione
1614 3765 1854 3828 Latina
1904 3784 2103 3827 usum
2153 3783 2306 3828 esse
2353 3768 2536 3828 clare
2584 3766 2995 3829 ostenditur.

283 3871 504 3942 Quem
563 3870 652 3930 iis
716 3869 892 3949 ipsis
954 3869 1146 3946 locis,
1194 3867 1450 3950 quibus
1497 3888 1653 3932 eum
1700 3869 1923 3932 libros
1970 3870 2276 3950 Graecos
2325 3871 2672 3934 evolvisse
2719 3889 2999 3950 exspec-

283 3985 490 4052 tares,
546 3974 619 4036 id
667 3992 806 4037 non
854 3973 1100 4037 fecisse
1147 3974 1520 4054 intellegis,
1586 3975 1784 4038 Adde
1834 3975 2022 4054 quod
2052 3975 2257 4053 ,apud
2305 3993 2459 4037 eum
2506 3975 2578 4037 in
2628 3975 2995 4054 Originum

282 4079 632 4159 imprimis
677 4078 878 4141 libris
919 4079 1175 4142 multae
1221 4081 1670 4158 reperiuntur
1705 4081 1978 4158 ineptae
2028 4086 2091 4142 et
2138 4079 2473 4142 ridiculae
2508 4081 2995 4160 etymologiae,

283 4203 460 4265 quae
526 4201 854 4264 magnam
917 4193 1189 4264 partem
1259 4203 1342 4246 ex
1392 4204 1470 4247 ea
1533 4204 1610 4247 re
1659 4186 1999 4264 originem
2050 4186 2352 4247 traxisse
2408 4185 2757 4262 videntur,
2804 4186 2993 4264 quod

281 4291 434 4353 eius
489 4289 836 4352 sermonis
883 4288 1130 4352 Graeci
1177 4290 1468 4351 scientia
1517 4296 1586 4352 et
1633 4291 1938 4368 cognitio
1973 4290 2141 4352 satis
2177 4291 2423 4367 exigua
2470 4287 2620 4353 fuit.
2670 4290 2994 4354 Fortasse

283 4397 490 4458 etiam
539 4395 1043 4457 vocabulorum
1091 4394 1516 4472 Graecorum
1564 4395 1930 4484 permultis
1996 4395 2168 4456 locis
2235 4393 2664 4472 depravatae
2730 4394 2994 4456 formae

498 4571 538 4625 ¹)
579 4569 661 4619 Cf.
703 4567 932 4619 Gustav.
972 4568 1041 4617 de
1080 4569 1436 4618 Dzialowskii
1473 4569 1748 4634 libellum,
1790 4565 1888 4630 qui
1925 4568 2280 4618 inscribitur:
2320 4565 2525 4617 ‘Isidor
2563 4568 2681 4617 und
2744 4568 2993 4617 Ildefons

288 4661 368 4707 als
406 4657 958 4708 Litterarhistoriker
1000 4654 1714 4718 (Kirchengeschichtliche
1753 4655 2004 4721 Studien,
2062 4655 2314 4704 Miinster
2349 4655 2384 4703 i.
2424 4655 2505 4704 W.
2549 4652 2734 4719 1898),’
2782 4669 2835 4717 p.
2874 4658 2905 4704 8
2945 4661 3000 4704 et

287 4761 340 4808 p.
394 4749 462 4798 30
482 4759 594 4808 sq.;
655 4745 753 4806 qui
793 4745 880 4793 vir
935 4744 1133 4794 doctus
1189 4749 1527 4804 argumenta
1581 4743 1714 4792 satis
1768 4743 1955 4808 firma,
2013 4743 2218 4804 quibus
2274 4755 2352 4792 cc.
2394 4745 2525 4790 1—4
2582 4747 2636 4790 et
2681 4754 2756 4790 cc.
2789 4745 2988 4790 ’6-13

291 4835 534 4896 genuina
571 4835 970 4898 probarentur,
1010 4832 1262 4882 attulisse
1299 4831 1436 4880 mihi
1478 4831 1702 4882 videtur
1738 4829 1811 4896 (p.
1852 4831 1909 4877 81
1939 4831 2047 4886 ss),-

372 4931 727 4973 nissen-tiones
748 4930 853 4978 phil.
879 4931 1084 4976 vindob..
1110 4931 1200 4976 vn,
1222 4932 1254 4972 2·
2746 4917 2775 4966 ’ἴ
