3567 5109
1716 284 2157 347 „76-

572 498 645 558 in
712 514 857 559 eam
922 496 1429 578 (quaestionem)
1486 502 1923 577 congruentes
1968 496 2311 578 partitioni
2369 494 2548 561 locos
2595 502 2662 560 et
2707 496 2810 561 his
2855 495 3134 561 morales
3191 517 3318 559 seu

576 600 913 665 naturales
960 602 1463 667 adcommodare
1511 607 1937 667 sententias.“

789 708 959 773 Tum
998 710 1077 774 de
1115 710 1359 774 iudicio
1400 708 1693 793 loquitur
1728 709 1832 774 his
1869 709 2113 774 verbis:
2176 710 2476 789 „Exinde
2514 710 2804 775 iudicare
2843 713 2970 793 (est
3009 709 3316 775 officium

572 818 887 899 oratoris)
954 817 1033 881 de
1096 816 1399 896 inventiS,
1466 818 1837 899 repudiare,
1904 838 2074 899 quae
2131 838 2366 899 parum
2423 818 2760 883 commode
2827 819 3310 883 occurrerint-‚⁴-

574 920 814 989 Verbis
862 931 1104 1002 autem,
1156 945 1324 1007 quae
1373 930 1598 989 statim
1646 930 2048 1007 sequuntur:
2150 924 2360 1004 „Tum
2405 923 2630 1007 (debet
2675 926 2928 1007 orator)
2974 926 3076 1003 iis,
3125 946 3313 1008 quae

571 1030 817 1095 iudicio
866 1035 1280 1110 examinarit,
1330 1031 1487 1096 dare
1536 1032 1832 1097 ordinem
1883 1039 2198 1111 certum“‚
2247 1036 2384 1097 sine
2433 1032 2634 1097 dubio
2689 1031 2968 1097 eandem
3015 1037 3314 1097 oratoris

575 1136 779 1201 officii
845 1144 1099 1220 partem
1166 1137 1459 1203 indicare
1516 1138 1675 1217 vult,
1744 1160 1942 1221 quam
1998 1138 2114 1204 alii
2161 1142 2324 1203 artis
2380 1138 2642 1204 dicendi
2689 1142 2982 1223 magistri
3021 1139 3314 1221 disposi-

571 1248 821 1309 tionem
870 1228 1319 1328 appellabant.
1394 1246 1499 1311 De
1548 1246 1942 1327 elocutione,
1991 1250 2324 1325 memoria,
2376 1247 2914 1328 pronuntiatione
2959 1250 3056 1311 ita
3101 1267 3312 1329 agere

573 1358 815 1434 pergit:
918 1352 1253 1431 „Subinde
1311 1354 1718 1419 ordinationi
1776 1354 2001 1420 rhetor
2055 1355 2558 1437 explicationem
2615 1374 2832 1418 rerum
2879 1354 3311 1419 commodare-

574 1458 857 1538 debebit,
918 1480 1088 1542 quae
1137 1459 1393 1525 duabus
1447 1460 1747 1542 partibus
1795 1468 2073 1541 constat,
2131 1466 2497 1526 structurae
2554 1460 2876 1544 qualitate
2923 1467 2990 1525 et
3034 1466 3309 1542 quanti-

572 1572 711 1630 tate
759 1565 1124 1631 verborum.
1174 1567 1363 1631 Haec
1408 1572 1631 1632 omnia
1676 1572 1992 1633 memoria
2047 1570 2360 1651 suscipiet
2397 1615 2631 1630 .....
2709 1566 3097 1632 Memoriam
3145 1588 3306 1649 pro-

574 1677 905 1737 nuntiatio
956 1679 1321 1755 sequetur.“

791 1781 1027 1865 Capite
1074 1784 1281 1848 altero
1338 1789 1407 1847 et
1450 1785 1644 1848 tertio
1692 1784 1974 1865 scriptor
2031 1784 2113 1849 de
2159 1784 2288 1848 fine
2345 1788 2622 1851 oratoris
2667 1784 2916 1869 offic-iil
2980 1782 3306 1864 disputat.

574 1888 983 1953 Mentionem
1031 1888 1199 1955 facit
1232 1890 1713 1955 vehementium
1762 1896 2375 1971 controversiarum,
2427 1912 2596 1975 quae
2634 1896 2704 1955 in
2741 1890 2870 1955 hac
2908 1892 3304 1973 quaestione

574 1994 893 2061 solvenda
942 2003 1125 2061 ortae
1156 2002 1307 2077 sint,
1356 2020 1598 2080 easque
1637 1996 1956 2062 facillime
1997 2003 2092 2063 ita
2129 2004 2434 2081 componi
2463 2020 2674 2083 posse,
2723 2002 2778 2061 si
2809 1998 3070 2062 dicatur
3095 1995 3298 2059 finem

576 2108 856 2168 oratoris
922 2103 1126 2169 officii
1190 2126 1329 2169 esse
1386 2104 1552 2169 bene
1601 2108 1826 2189 (recte,
1874 2108 2054 2189 vere)
2120 2105 2358 2179 dicere,
2423 2106 2570 2170 finis
2627 2104 2792 2169 bene
2839 2106 3065 2187 (recte,
3113 2104 3302 2183 vere)

575 2210 837 2276 dicendi
884 2212 1302 2293 persuadere.
1388 2212 1581 2277 Alias
1628 2234 1910 2296 quoque,
1979 2233 2149 2295 quae
2196 2214 2266 2278 in
2313 2212 2440 2277 hac
2493 2216 2776 2277 materia
2833 2216 3019 2275 ortae
3075 2215 3300 2273 essent

574 2319 1128 2403 difficultate-5,
1194 2321 1473 2403 optime-
1529 2321 1619 2383 ab
1666 2321 2138 2403 Hermayora
2184 2321 2534 2385 sublatas
2579 2342 2754 2397 esse,
2806 2322 2918 2401 qui
2973 2316 3300 2381 orationis

572 2448 715 2491 esse
784 2425 1069 2491 officium
1145 2426 1561 2510 persuadere,
1646 2434 1974 2509 quatenus
2057 2448 2272 2491 rerum
2347 2434 2415 2492 ct
2485 2446 2917 2509 personarum
2991 2423 3298 2489 condicio

574 2540 932 2617 pateretur,
1002 2534 1348 2599 dumtaxat
1394 2538 1462 2597 in
1510 2534 1809 2599 civilibus
1857 2535 2373 2617 quaestionibus,
2422 2535 2775 2599 docuisset.

790 2642 914 2707 His
979 2641 1175 2706 rebus
1249 2641 1570 2705 absolutis
1645 2642 2094 2707 demonstrare
2161 2642 2382 2707 studet
2445 2648 2654 2706 artem
2721 2640 2979 2705 dicendi
3045 2637 3296 2703 habere

575 2750 765 2812 sicuti
808 2748 975 2813 alias
1015 2756 1190 2813 artes
1230 2753 1585 2831 propriam,
1634 2756 1709 2813 ut
1744 2753 1840 2813 ita
1880 2749 2117 2829 dicam,
2166 2756 2234 2813 et
2271 2748 2609 2814 definitam
2647 2752 3005 2829 regionem.
3055 2746 3294 2829 Neque

574 2860 749 2919 enim
790 2877 1013 2920 omnes
1052 2860 1470 2938 quaestiones
1507 2862 1796 2920 tractare
1833 2877 2024 2939 posse
2064 2863 2413 2933 oratorem,
2463 2855 2578 2920 sed
2616 2858 3034 2936 quaestiones
3071 2851 3298 2916 civiles

575 2962 769 3027 solas.
854 2962 1081 3046 Atque
1141 2984 1468 3046 quaenam
1524 2968 1946 3045 quaestiones
2010 2961 2234 3028 civiles
2299 2960 2736 3045 appellentur,
2805 2959 3026 3024 multis
3081 2959 3296 3023 verbis

573 3070 881 3153 explicat.

788 3178 1292 3261 Insequentibus
1348 3176 1677 3259 capitibus
1732 3179 2002 3241 5.-11.
2049 3181 2426 3242 universum
2482 3180 2940 3258 quaestionum
3006 3172 3294 3238 civilium

575 3306 781 3368 genus
820 3287 887 3347 in
926 3291 1143 3349 certas
1181 3288 1429 3366 species
1460 3284 1711 3348 dividit.
1760 3284 2017 3349 Primos
2056 3292 2121 3348 et
2160 3288 2349 3367 quasi
2387 3282 2729 3366 generales
2768 3280 3054 3347 civilium
3091 3302 3291 3363 quae-

576 3392 859 3455 stionum
906 3392 1135 3455 modos
1175 3390 1335 3455 dicit
1372 3412 1513 3454 esse
1559 3390 1775 3455 thesin
1825 3398 1890 3455 et
1936 3390 2346 3474 hypothesin.
2405 3390 2652 3454 Thesin
2691 3395 2912 3453 autem
2951 3409 3089 3451 esse
3131 3407 3291 3463 rem,

577 3520 747 3580 quae
812 3495 1204 3562 rationalem
1270 3499 1863 3562 considerationem
1929 3500 2068 3561 sine
2135 3498 2515 3562 definitione
2571 3517 2891 3579 personae
2950 3495 3290 3559 admittat:

573 3605 969 3689 hypothesin
1009 3626 1161 3683 rem,
1213 3626 1382 3686 quae
1422 3604 1732 3669 admittat
1767 3606 2160 3669 rationalem
2199 3609 2687 3671 contentionem
2725 3624 2872 3667 cum
2911 3601 3290 3667 definitione

574 3734 915 3797 personae.
962 3710 1177 3796 Quam
1220 3716 1679 3795 quaestionum
1718 3713 2004 3776 civilium
2045 3713 2427 3776 divisionem
2463 3711 2645 3775 haud
2674 3710 2758 3775 ab
2791 3708 3091 3775 omnibus
3130 3712 3294 3772 artis

577 3820 841 3884 dicendi
878 3821 1210 3901 magistris
1247 3822 1453 3900 recipi
1492 3823 1773 3901 scriptor
1812 3824 2062 3883 sincere
2104 3820 2366 3901 quidem
2403 3818 2668 3896 fatetur,
2716 3819 2845 3881 sed
2877 3817 3294 3899 diliyenter

574 3928 833 3991 omnia
870 3928 1287 4011 conquirit,
1328 3928 1610 4010 quibus
1638 3928 1832 3991 hane
1861 3928 2375 4009 Herm-oyorae
2412 3927 2870 3991 divisionem
2905 3922 3288 4007 defendat,

576 4034 1099 4099 adversariorum
1152 4035 1527 4119 Inprimis
1576 4036 2031 4119 Apollodori
2074 4036 2538 4098 sententiam
2588 4038 2985 4117 (ηψπ-(μιαί.

789 4142 956 4207 Cum
1023 4142 1102 4205 de
1170 4141 1336 4205 thesi
1393 4162 1589 4223 quam
1638 4145 2051 4223 paucissimis
2107 4140 2319 4204 verbis
2367 4143 2759 4223 exposuerit,
2829 4144 2896 4203 in
2943 4137 3292 4221 hypothesi

573 4254 707 4314 sive
756 4251 1200 4313 controversia
1247 4248 1641 4330 explicanda
1680 4249 1926 4313 diutius
1965 4247 2273 4311 subsistit.
2321 4245 2499 4331 Quid
2538 4250 3036 4311 circumstantia
3073 4266 3291 4309 rerum

576 4362 681 4435 sit,
730 4358 869 4421 sine
919 4378 1051 4438 qua
1098 4356 1283 4421 nulla
1332 4360 1597 4419 omnino
1646 4356 1854 4438 possit
1900 4378 2040 4419 esse
2082 4360 2548 4433 controversia,
2600 4355 2795 4419 docet
2832 4360 3030 4435 atque
3068 4360 3292 4434 partes

573 4469 1110 4530 circumstantiae
1187 4470 1547 4527 enumerat.
1654 4462 1843 4527 Tunc
1919 4485 2088 4545 quae
2165 4467 2296 4527 sint
2369 4466 2960 4527 controversiarum
3041 4460 3291 4541 species

793 4712 811 4745 ¹
849 4712 1077 4765 Rectius
1116 4718 1281 4779 atque
1320 4714 1630 4765 accuratius
1670 4720 1817 4765 certe
1857 4714 1922 4766 de
1965 4714 2070 4766 fine
2109 4714 2248 4765 ortis
2285 4714 2509 4766 divendi
2551 4713 2834 4779 disputare
2873 4711 3126 4764 debebat.
3203 4711 3289 4761 (·f.

574 4802 855 4855 Ciceronis
897 4802 977 4853 De
1017 4801 1127 4853 inv.
1168 4800 1193 4853 I
1233 4802 1282 4866 5,
1320 4802 1372 4865 6,
1413 4799 1647 4868 Quintil.
1686 4802 1747 4854 ΙΙ
1791 4804 1872 4867 15,
1911 4804 1996 4855 38.
