3567 5109
1533 336 1985 400 -195—

393 530 462 588 et
509 525 688 590 idem
741 527 828 588 ad
875 533 996 590 sat.
1044 527 1144 590 III
1195 533 1348 587 143:

713 629 1037 710 Quantum
1086 629 1352 717 quisque
1396 651 1514 692 sua
1564 651 1951 694 amn-morum
1998 641 2213 696 serrat
2264 635 2328 696 in
2375 655 2551 708 arca,

711 743 951 797 tant-um
1000 733 1180 797 habet
1224 743 1282 797 et
1322 733 1480 818 fidei

396 860 760 924 adscribit:
827 855 1143 922 Lucilius.
1203 856 1456 920 Aurum
1500 867 1690 942 atque
1737 858 1996 923 ambitio
2046 860 2363 946 specimen
2406 912 2419 927 .
2448 911 2462 925 .
2500 911 2513 922 .
2580 865 2831 950 utrique
2876 873 2963 926 cst
2995 915 3009 928 .
3042 915 3055 927 .
3090 915 3103 928 .

395 959 712 1026 habearis.

394 1067 641 1131 Lucilii
689 1076 916 1133 autem
963 1088 1208 1133 versus
1252 1075 1564 1134 restituit
1612 1072 1746 1134 hoc
1794 1071 2004 1135 modo
2055 1073 2567 1136 Lachmannus:

683 1213 924 1254 aurum
967 1200 1156 1278 atquc
1201 1191 1462 1254 ambitio
1509 1201 1631 1256 est:
1674 1193 1987 1276 specimen
2034 1193 2294 1258 virtutis
2338 1194 2647 1278 utrimque
2696 1205 2796 1260 est.

683 1304 933 1358 tantam
977 1295 1236 1376 habeas,
1285 1306 1530 1360 tantum
1581 1300 1712 1382 ipse
1759 1298 1885 1361 cies
1930 1298 2219 1384 tantique
2266 1295 2583 1364 habearis.

397 1419 665 1480 Deinde
711 1427 1101 1483 memoratu
1151 1421 1437 1500 dignum
1487 1428 1592 1485 est
1639 1422 1722 1484 ad
1769 1422 1911 1484 Iuv.
1960 1427 2081 1488 sat.
2127 1423 2187 1484 X
2238 1411 2317 1482 65
2340 1439 2471 1500 sq.:

687 1521 808 1583 duc
855 1524 924 1584 in
978 1521 1310 1608 Capitolia
1355 1545 1649 1608 nzaqnum
1695 1535 2121 1610 cretatumque
2167 1522 2377 1586 boccm

397 1648 934 1723 grammaticum
969 1652 1279 1710 veterem
1329 1647 1800 1722 adnotavissc:
1852 1643 2223 1723 candidum,
2255 1655 2325 1708 ut
2356 1643 2644 1709 Lucilius
2674 1655 3107 1736 cretatumque

396 1747 606 1812 bovem
654 1745 776 1811 dm:
823 1747 913 1812 ad
965 1747 1298 1833 Capitolia
1351 1771 1601 1836 mayna.
1678 1753 1851 1815 Inde
1896 1753 2287 1816 Iuvenalem
2357 1751 2489 1815 hoc
2548 1752 2618 1815 in
2667 1771 2878 1818 versu
2944 1757 3109 1820 scri-

398 1855 631 1918 bendo
679 1856 924 1919 Lucilii
976 1857 1190 1920 verba
1254 1861 1324 1920 in
1391 1876 1591 1921 suum
1661 1877 1867 1920 usum
1916 1858 2210 1920 vertisse
2266 1859 2524 1937 optime
2601 1863 3106 1938 cognoscimus

403 1961 766 2025 Praeterea
849 1966 1322 2042 perstringam
1415 1965 1855 2026 scholiastam
1952 1963 2208 2025 afferre
2293 1962 2378 2025 ad
2444 1963 2737 2026 verbum
2812 1961 3109 2026 est-odium

401 2067 472 2126 in
535 2067 672 2129 Iuv.
755 2073 872 2130 sat.
942 2067 1047 2129 111
1113 2074 1233 2130 315
1313 2069 1534 2130 Lucili
1597 2087 1656 2131 v.
1728 2073 1893 2128 1068
1970 2068 2129 2144 (L.):
2206 2065 2533 2148 principio
2609 2065 2805 2128 exitu’
2877 2065 3107 2152 diqnnc

407 2166 822 2256 cwodiumqne
875 2179 1165 2254 sequetur
1209 2181 1276 2234 et
1332 2173 1418 2235 ad
1465 2173 1753 2234 verbum
1805 2168 2093 2232 crustula
2141 2171 2210 2234 in
2254 2171 2401 2236 Iuv.
2450 2178 2574 2236 sat.
2626 2173 2721 2236 IX
2779 2181 2812 2234 5
2862 2175 3107 2238 Lucilii

403 2292 464 2336 v.
517 2281 682 2338 1070
731 2277 892 2354 (L.):
957 2276 1218 2358 quittari
1260 2273 1544 2339 crustula
1589 2274 1778 2338 solus.
1846 2278 2239 2339 Iuvenalem
2286 2277 2518 2354 igitur,
2577 2279 2901 2356 quoniam
2950 2298 3103 2342 eum

402 2382 472 2442 in
535 2383 788 2443 saturis
851 2382 1350 2462 componendis
1397 2383 1736 2444 Lucilium
1800 2383 2137 2444 imitatum
2187 2399 2337 2444 esse
2402 2381 2848 2459 ostendimus
2900 2387 3105 2447 etiam

403 2483 624 2563 pluris
658 2486 1188 2561 aestimabimuS,
1237 2487 1425 2567 quod
1477 2487 1658 2566 apud
1707 2505 1863 2550 eum
1914 2485 2289 2548 nonnullos
2338 2486 2514 2548 alios
2556 2504 2801 2549 versus
2848 2494 2913 2550 et
2961 2507 3107 2552 sen-

403 2591 648 2652 tentias
714 2591 980 2668 Lucilii,
1046 2593 1129 2654 de
1195 2593 1447 2671 quibus
1512 2611 1666 2655 cum
1719 2591 1969 2653 Lucilii
2034 2597 2309 2654 saturae
2375 2590 2729 2670 perierint,
2795 2593 3109 2658 iudicare

403 2711 543 2755 non
588 2712 983 2774 possumus,
1030 2703 1340 2760 servatos
1387 2715 1540 2759 esse
1586 2697 1737 2758 iure
1788 2695 2207 2758 concludere
2264 2695 2469 2758 nobis
2525 2694 2701 2758 licet.

613 2797 748 2861 Sed
813 2801 1002 2878 quod
1049 2800 1518 2872 Quintilianus
1583 2802 1755 2874 loce,
1824 2817 2026 2880 quem
2097 2817 2309 2879 supra
2376 2799 2594 2875 attuli,
2671 2820 2811 2863 non
2885 2805 3109 2866 solum

395 2902 752 2981 Lucilium,
792 2904 916 2967 sed
949 2907 1156 2969 etiam
1191 2907 1560 2970 Horatium
1592 2907 1819 2987 poetis
1852 2913 2245 2967 saturarum
2278 2909 2435 2966 ante
2472 2906 2711 2968 oculos
2746 2905 3108 2971 obversari

395 3007 638 3083 voluit,
685 3009 826 3070 iam
860 3010 1322 3089 perquiratur,
1368 3030 1534 3075 num
1580 3010 1923 3074 Iuvenalis
1966 3009 2336 3072 Horatium
2386 3027 2658 3088 quoque
2705 3013 3107 3091 respexerit.

398 3109 600 3182 Quod
647 3119 720 3174 ut
767 3115 1190 3192 ostendatur,
1238 3123 1363 3181 sat.
1411 3117 1442 3180 1
1491 3125 1562 3177 51

895 3217 1048 3320 lacteo
1093 3240 1200 3302 eqo
1247 3239 1372 3280 non
1422 3217 1674 3282 credam
1732 3216 2055 3279 Venusina
2100 3215 2294 3300 digna
2340 3215 2603 3278 lucerna

395 3344 626 3420 magni
673 3345 1002 3405 momenti
1051 3351 1170 3421 est,
1217 3344 1405 3424 quod
1436 3345 1568 3408 hoc
1602 3363 1687 3407 ex
1719 3361 1928 3405 versu
1958 3341 2360 3404 Iuvenalem
2394 3341 2760 3406 Horatium
2794 3351 3107 3426 spectare

395 3446 699 3510 voluisse
735 3455 1033 3530 apparet.
1083 3449 1258 3512 Eum
1289 3451 1606 3530 profecto
1643 3448 1915 3511 Horatii
1950 3448 2171 3511 libros
2218 3445 2604 3526 perlegisse
2650 3453 2719 3511 et
2764 3449 3101 3512 imitatum

395 3569 548 3615 esse
596 3555 792 3617 multi
843 3561 1242 3618 saturarum
1293 3557 1427 3618 loci
1475 3558 1628 3619 luce
1675 3555 1935 3618 clarius
1983 3553 2313 3616 indicant.
2363 3551 2674 3624 Quorum
2724 3571 2973 3633 magno
3023 3573 3107 3618 ex

394 3676 706 3732 numere,
774 3660 894 3738 qui
959 3659 1092 3722 iam
1156 3661 1431 3722 collecti
1483 3666 1642 3724 sunt
1708 3678 1744 3722 a
1794 3661 1967 3721 viris
2035 3657 2273 3732 doctiS,
2296 3653 2339 3733 ¹)
2406 3658 2715 3737 exempla
2771 3659 3105 3723 nonnulla

390 3780 794 3842 proponere
845 3764 1063 3828 liceat.

915 3869 1040 3918 Iuv.
1079 3875 1180 3918 sat.
2384 3866 2521 3915 Hor.

533 3971 562 4021 1
603 3975 624 4022 l
671 3971 882 4034 Semper
922 3988 1008 4036 eqo
1046 3973 1252 4022 auditor
1279 3973 1516 4022 tantum?
1550 3990 1691 4022 uum-
1739 3880 1746 3997 Ι
1940 3973 2078 4033 Epp.
2120 3970 2146 4019 I
2188 3973 2267 4034 19,
2308 3973 2371 4020 39
2408 3983 2511 4016 non
2552 3985 2639 4032 eqo
2674 3971 2917 4019 nobilium
2941 3974 3101 4036 scrip·

395 4073 612 4120 quamne
649 4075 908 4122 reponam.
1740 4000 1746 4150 ι
1801 4067 1960 4126 torum
2002 4057 2205 4106 auditor
2244 4064 2289 4104 ct
2327 4057 2480 4114 ultor,-

533 4133 622 4196 11'1
663 4149 760 4198 190
780 4161 902 4210 sqq.
927 4148 1104 4210 qelida
1131 4148 1416 4198 Praeneste
1437 4184 1447 4195 .
1470 4184 1480 4195 .
1506 4184 1516 4196 .
1539 4149 1695 4212 proni
1942 4145 2125 4195 Carm.
2182 4144 2270 4194 111
2343 4146 2392 4209 4,
2466 4145 2533 4194 22
2590 4141 2856 4206 Frigidum
2938 4147 3100 4194 Pran-

401 4234 601 4282 Tiburia
642 4251 776 4283 arce.
1743 4276 1747 4293 ,
1800 4242 2007 4282 nesto..
2032 4267 2043 4279 .
2090 4231 2245 4280 Tibur
2282 4231 2533 4293 supinum.

532 4323 726 4374 VI162
765 4357 778 4368 .
800 4357 812 4369 .
834 4331 982 4372 satur
1020 4331 1094 4371 cst
1130 4339 1237 4372 cum
1277 4323 1404 4372 dicit
1441 4323 1692 4374 Horatius
1742 4358 1748 4393 Ι
1942 4321 2127 4370 Carm:
2168 4318 2225 4368 11
2268 4320 2347 4382 19,
2374 4320 2407 4368 5
2440 4315 2591 4366 Eheu
2614 4320 2806 4367 recenti
2828 4336 2968 4368 mem
3006 4330 3103 4368 tre-

391 4409 601 4470 ,‚eleeu''.
1743 4404 1748 4445 ῗ
1796 4408 1951 4472 ρι’άαε
1988 4413 2136 4453 metu.

532 4499 580 4548 X
621 4499 721 4549 106
769 4501 1002 4548 excelsae
1056 4499 1212 4550 turris
1267 4501 1520 4560 tabulata,
1561 4499 1696 4549 unde
1743 4454 1748 4525 Ι
1944 4493 2127 4545 Carm.
2168 4493 2223 4542 11
2266 4495 2348 4550 10.
2394 4495 2456 4541 10
2495 4493 2662 4540 celsae
2694 4494 2935 4554 graviore
2980 4512 3099 4546 caan

393 4585 550 4634 altior
588 4593 720 4636 essct
754 4601 923 4636 casm.
1743 4528 1750 4651 ι
1803 4582 2045 4632 decidunt
2082 4588 2264 4630 ταντα.

605 4747 644 4808 ¹)
681 4747 986 4814 Schwartz,
1027 4749 1110 4799 De
1133 4748 1380 4800 Iuvenale
1415 4749 1632 4800 Horatii
1655 4747 1925 4798 imitatore.
1964 4741 2224 4794 Strubius
2260 4739 2295 4788 1.
2322 4751 2363 4788 s.
2402 4749 2443 4788 s.
2484 4751 2535 4801 p.
2564 4741 2595 4790 6
2621 4752 2725 4803 sqq
2756 4756 2771 4801 3
2810 4747 3099 4804 praetcrea

393 4835 462 4886 ci.
502 4841 858 4886 enarratores
897 4836 968 4887 ad
1007 4838 1258 4900 singulos
1295 4839 1590 4890 Iuvenalis
1627 4851 1841 4890 vernus.

2754 4917 2852 4970 13*

3461 0 3526 14 ..ι-Ι
