3567 5109
1589 345 1682 360 w-
1779 313 2076 376 1822-

681 503 849 589 quod
893 503 1076 567 modo
1123 505 1449 588 proposui.
1509 525 1627 566 nou
1679 511 1764 564 est
1811 500 2143 579 sementim
2227 518 2440 563 verum
2484 510 2571 562 est
2666 543 2671 548 ·

477 643 545 694 et
595 632 665 693 in
713 637 835 692 sat.
884 627 1276 706 X1v205se:

688 804 702 816 .
735 801 747 814 .
783 801 795 814 .
827 748 978 811 illa·
1009 757 1113 810 tuo
1158 745 1471 810 sententia
1517 766 1759 830 sempev·
1822 745 1891 806 in
1958 765 2059 806 ore

692 863 986 932 versetur,
1033 850 1134 916 dis
1180 861 1365 936 atque
1412 852 1553 936 ipso
1599 849 1749 912 Iove
1796 847 1995 934 diyna-
2030 858 2241 936 poeta.

689 980 858 1042 Nam
908 997 1064 1041 cum
1112 994 1282 1040 voce
1323 971 1631 1036 sententia
1673 974 1819 1038 sola
1851 977 2173 1039 rhetores
2207 977 2702 1052 Romanorum,
2735 993 2911 1055 quae
2944 975 3190 1039 Graeci

482 1085 963 1164 compluribus
1012 1083 1252 1146 verbis
1313 1080 1823 1161 significabant,
1887 1081 2388 1161 expresserint,
2458 1080 2748 1144 difficile
2798 1088 2902 1144 est
2948 1081 3195 1144 diiudi-

479 1207 659 1266 care,
709 1189 878 1268 quid
926 1183 1202 1269 quoque
1251 1187 1407 1249 loeo
1451 1187 1617 1249 haec
1659 1203 1798 1248 vox
1846 1186 1982 1249 sibi
2028 1186 2214 1248 velit.
2234 1185 2281 1264 ¹)
2329 1187 2573 1248 Priore
2614 1187 2835 1266 igitur
2880 1186 3037 1249 loco
3085 1187 3191 1248 Iu-

479 1293 739 1356 venalis
773 1311 940 1356 voce
975 1290 1285 1353 sententia·
1315 1290 1718 1370 significare
1749 1289 2028 1353 videtur
2074 1291 2307 1353 lumen
2364 1289 2707 1354 orationis
2756 1291 3125 1370 quoddam,
3140 1289 3190 1366 ²)

483 1417 619 1477 qua
686 1397 771 1460 de
835 1416 914 1460 re
977 1396 1448 1468 Quintilianus
1494 1395 1730 1459 multis
1777 1395 1952 1457 locis
2000 1394 2332 1475 disputan
2390 1395 2850 1458 conferantur
2896 1393 3195 1477 exempli

483 1520 688 1565 causa
731 1502 898 1564 Inst.
943 1519 1043 1564 or.
1091 1501 1257 1563 VIII
1303 1508 1357 1577 5,
1407 1507 1443 1562 2
1481 1496 1730 1560 lumina
1760 1506 1975 1560 autem
2002 1496 2464 1582 praecipucque
2494 1498 2563 1559 iu
2596 1495 2910 1560 clausulis
2943 1496 3197 1582 positas

483 1602 822 1666 sententias
885 1612 951 1669 et
999 1605 1159 1668 VIII
1210 1614 1264 1682 5,
1332 1610 1411 1665 34
1477 1624 1582 1687 eqo
1642 1623 1784 1665 vero
1848 1603 2004 1666 haec
2072 1600 2315 1666 lumina
2380 1602 2689 1665 orationis
2752 1601 2925 1666 velut
2990 1599 3196 1665 oculos

487 1707 792 1794 quosdam
853 1729 980 1770 esse
1043 1705 1426 1792 eloquentiae
1493 1705 1692 1774 credo,
1756 1711 1904 1774 Hoc
1968 1727 2054 1773 ex
2119 1710 2274 1771 1000
2342 1715 2409 1771 et
2460 1727 2544 1772 ex
2611 1709 2967 1774 nonnullis
3027 1710 3196 1784 aliiS,

485 1816 558 1878 in
613 1814 724 1878 his
778 1817 944 1878 Inst.
998 1816 1093 1878 IV
1147 1825 1199 1891 l,
1247 1819 1326 1877 77
1385 1809 1510 1874 illa
1561 1833 1706 1875 vero
1734 1810 2000 1898 fu=i9ida
2062 1821 2120 1874 et
2170 1808 2451 1895 puerilis
2516 1820 2610 1875 est
2671 1811 2743 1875 iu
2804 1809 3033 1875 scholis
3092 1813 3195 1898 af·

465 1916 766 2002 sectatiO,
813 1927 883 1979 ut
925 1918 1062 2002 ipae
1099 1916 1408 1979 trau-situs
1437 1913 1681 2002 efficiat
1713 1915 1997 1999 aliquam
2038 1915 2249 2000 utique
2292 1915 2665 1980 seutentiam
2695 1919 3195 1991 Quintilianum

487 2025 867 2104 discipulos
916 2023 1270 2086 monuisse
1320 2030 1626 2103 apparet,
1685 2043 1771 2086 ne
1818 2041 2059 2086 eorum
2110 2023 2333 2087 oratio
2382 2025 2746 2087 sententiis
2794 2023 3198 2088 abundaret.

479 2131 629 2192 Huc
685 2127 989 2208 pertinet
1037 2146 1283 2192 versus
1348 2127 1483 2202 ille,
1553 2147 1688 2208 quo
1754 2129 2101 2192 Iuvenalis
2170 2133 2510 2208 tamquam
2583 2129 2860 2192 obsistit
2926 2129 3195 2192 cuidam

483 2237 670 2296 illum
717 2235 943 2314 ipsum
991 2232 1353 2296 sententiis
1403 2231 1608 2295 nimis
1655 2232 2023 2312 indulgere
2099 2232 2443 2309 dicenti.³)
2541 2232 2775 2297 Altero
2839 2235 2973 2297 iam
3021 2234 3195 2309 1000,

487 2339 606 2402 ubi
667 2337 1018 2402 Iuvenalis
1080 2355 1322 2401 vocem
1397 2337 1710 2398 sententia
1787 2338 2083 2415 adhibet,
2162 2339 2293 2402 hoc
2354 2338 2645 2402 verbum
2721 2339 2905 2402 idem
2970 2340 3199 2404 valere

491 2450 724 2506 statuo
780 2449 986 2523 atque
1043 2443 1470 2507 Graecorum
1524 2444 1782 2525 γνώμη
1840 2443 1902 2505 11.
1951 2461 2005 2506 0.
2064 2443 2451 2506 orationem
2507 2449 2849 2524 sumptam
2906 2445 2992 2507 de
3038 2445 3198 2522 vita,

498 2569 630 2628 qua
663 2559 781 2611 aut
829 2549 996 2629 quid
1043 2549 1132 2612 sit
1164 2556 1282 2611 aut
1328 2550 1498 2628 quid
1530 2566 1682 2612 esse
1732 2553 2069 2629 oporteat,
2118 2548 2424 2612 breviter
2457 2551 2866 2612 ostenditur.
2913 2549 3066 2622 Quo
3115 2550 3201 2613 de

497 2673 626 2716 usu
683 2653 878 2717 vocis
923 2653 1264 2714 sententiae
1329 2653 1796 2726 Quintilianus
1860 2656 2027 2717 Inst.
2096 2672 2196 2717 or.
2267 2654 2429 2717 VIII
2498 2661 2553 2730 5,
2620 2672 2757 2733 quo
2824 2655 3050 2735 capite
3114 2655 3200 2718 de

497 2757 862 2821 sententiis
908 2759 1237 2838 disputat,
1301 2758 1471 2820 haec
1517 2759 1886 2838 proponit:
1951 2755 2451 2840 Antiquissimae
2506 2765 2675 2836 sunt,
2720 2779 2878 2840 quae
2920 2759 3204 2841 proprie,

495 2863 781 2944 quamv...··i8
827 2861 1116 2924 omnibu-⁹
1143 2859 1310 2924 idem.
1355 2880 1576 2924 nomen
1607 2860 1707 2940 sit,
1741 2863 2083 2924 sententiae
2114 2871 2442 2931 vocantur,
2492 2884 2647 2946 quas
2680 2860 2916 2926 Graeci
2942 2866 3203 2946 γνώμας

496 2963 856 3049 appellant:
924 2973 1256 3050 utrumque
1317 2974 1522 3027 auoe‘m
1587 2984 1811 3026 nomen
1876 2986 1955 3026 ex
2008 2987 2077 3026 eo
2120 2975 2515 3049 acceperunt,
2568 2966 2733 3050 quod
2774 2965 3007 3030 similes
3059 2975 3203 3029 suut

501 3069 782 3132 consiliis
826 3078 942 3133 aut
987 3069 1268 3136 decretis.

709 3179 961 3254 Restat,
1008 3184 1084 3240 ut
1131 3173 1544 3254 Iuvenalem,
1592 3177 1708 3256 qui
1757 3179 1827 3239 in
1876 3184 2001 3240 sat.
2050 3177 2141 3238 VI
2190 3183 2310 3238 456
2364 3178 2567 3240 dicit:

1243 3276 1665 3341 soloecismum
1715 3277 1907 3340 liceat
1935 3277 2179 3363 fecisse
2222 3279 2454 3341 marito

500 3423 538 3466 a
585 3403 1012 3475 Quintiliano
1088 3403 1173 3464 de
1249 3403 1680 3479 soloecismO,
1757 3420 1963 3480 quem
2037 3408 2479 3478 vocaverunt,
2556 3404 2889 3468 nonnulla
2958 3405 3203 3467 audire

498 3510 816 3589 potuisse
870 3509 1116 3571 dicam.
1191 3507 1412 3579 Quam
1458 3525 1700 3571 vocem
1747 3509 1966 3586 magis
2024 3510 2332 3570 sermoni
2378 3510 2990 3588 grammaticorum
3047 3528 3203 3590 pro-

499 3616 728 3695 priam
793 3613 1012 3676 fuisse
1075 3629 1282 3693 quam
1347 3613 1748 3676 rhetoribus
1796 3613 2109 3692 plerique
2174 3613 2585 3686 Quintiliani
2633 3612 2767 3676 loci
2826 3615 3205 3679 ostendunt

505 3721 696 3798 (Inst.
732 3738 830 3783 or.
861 3719 894 3780 I
929 3727 983 3793 5,
1018 3725 1074 3795 4,
1108 3724 1186 3778 34
1222 3736 1346 3797 sq.;
1385 3725 1464 3778 38
1485 3735 1656 3797 sqq.‚
1695 3717 1822 3797 51).

709 3824 934 3904 Atque
967 3823 1322 3903 quomodo
1357 3823 1710 3886 Iuvenalis
1743 3833 1963 3886 veroa
2008 3824 2177 3886 artis
2208 3825 2599 3886 rhetoricae
2634 3824 3053 3902 adhibuerit,
3086 3825 3203 3904 qui

499 3931 635 3992 iam
684 3928 1248 4010 comprehendet,
1304 3928 1709 4007 intellegere
1756 3935 1986 4008 potest
2031 3931 2337 4009 primum
2384 3947 2626 3992 omnes
2673 3929 2879 3993 huius
2924 3931 3202 4010 generis

502 4053 724 4113 voceS,
773 4035 1028 4114 quibus
1075 4049 1244 4096 usus
1292 4039 1396 4096 est
1426 4033 1799 4109 IuvenaIiS,
1846 4053 1883 4096 a
1930 4033 2355 4106 Quintiliano
2404 4051 2745 4117 persaepe
2790 4052 3201 4098 commemo-

504 4141 667 4214 rari,
717 4140 972 4203 deinde
1021 4139 1393 4202 nonnullas
1439 4140 1689 4202 harum
1735 4157 1985 4201 vocum
2034 4141 2220 4220 apud
2268 4140 2440 4203 alios
2486 4142 2807 4203 rhetores
2855 4159 2996 4204 11011
3044 4140 3201 4220 legi,

505 4247 800 4324 denique
830 4246 1232 4309 Iuvenalem
1281 4244 1690 4324 quibusdam
1727 4248 2139 4325 praeceptis,
2191 4264 2369 4325 quae
2402 4245 2870 4318 Quintilianus
2916 4265 2957 4309 a
3004 4245 3202 4310 disci-

501 4351 685 4430 pulis
717 4350 1093 4430 diligenter
1125 4351 1490 4413 observari
1523 4349 1766 4426 voluit,
1804 4349 2344 4430 obtemperasse.
2395 4351 2625 4422 Quare
2658 4351 3055 4414 Iuvenalem
3088 4359 3207 4413 aut
3248 4431 3255 4440 ἡ

506 4455 1007 4527 Quintilianum
1039 4455 1269 4534 ipsum
1303 4454 1651 4518 audivisse
1681 4461 1803 4518 aut
1834 4455 1981 4517 eius
2014 4455 2273 4534 scripta
2310 4456 2563 4534 legisse
2608 4455 2931 4520 concludi
2962 4461 3209 4534 potest.

713 4648 751 4707 ¹)
793 4645 916 4694 Hac
955 4645 1022 4694 de
1059 4657 1198 4694 voce
1237 4644 1382 4694 cont.
1423 4644 1645 4694 Ernesti
1682 4646 1717 4694 l.
1756 4658 1799 4698 s.
1836 4659 1877 4697 s,
1918 4659 1970 4708 p.
2010 4649 2111 4696 349
2138 4659 2259 4708 sqq.

713 4734 752 4793 2)
792 4730 938 4780 conf.
975 4731 1174 4793 Mayor
1212 4729 1285 4780 ad
1319 4731 1358 4781 1.

713 4821 752 4882 ³)
789 4819 869 4870 De
905 4819 1196 4870 sententiis
1233 4831 1266 4870 a
1303 4818 1577 4870 Iuvenale
1617 4819 1891 4872 adhibitis
1928 4833 2113 4885 pauca
2152 4821 2301 4874 inira
2338 4821 2702 4888 proferentur
2740 4835 2791 4888 p.
2836 4823 2951 4874 198.
