3567 5109
1693 165 2134 228 -86-

556 377 771 442 dant1.
818 377 1321 461 Disputationes
1356 383 1577 442 autem
1624 375 1776 441 illas
1825 380 1894 441 in
1939 376 2148 441 libros
2185 374 2546 441 translatas
2583 374 3001 459 Augustinus
3039 378 3278 440 amicis

554 484 937 549 absentibus
964 485 1286 567 imprimis
1312 482 1640 550 Nebridio
1672 483 1981 549 mittebat
1991 484 2032 549 ².
2080 483 2162 547 In
2189 482 2424 548 eadem
2451 481 2608 547 villa
2637 482 3015 549 Cassiciaca
3041 482 3276 567 Augu-

552 592 763 655 stinus
808 590 1099 657 natalem
1146 594 1545 655 tricesimum
1592 592 1862 657 tertium
1909 592 2060 673 egit.

766 698 1045 762 Ineunte
1112 704 1331 762 autem
1395 718 1616 763 mense
1670 698 1992 763 Ianuario
2049 718 2106 763 a.
2163 700 2311 763 387.
2359 697 2774 780 Augustinus
2827 718 2980 763 rure
3038 696 3270 761 relicto

552 805 1009 871 Mediolanum
1044 808 1315 869 revertit
1350 826 1499 869 cum
1536 809 1793 884 amici8‚
1833 811 1908 869 ut
1941 822 2180 869 nomen
2209 804 2420 884 daret,
2460 805 2530 869 id
2557 812 2680 883 est,
2727 811 2800 869 ut
2831 809 2898 869 in
2927 825 3271 869 numerum

548 911 1169 977 catechumenorum
1216 914 1636 994 reciperetur.
1718 912 1876 995 Ipse
1925 910 2192 994 quidem
2235 932 2448 995 neque
2495 932 2788 977 mensem
2831 932 3046 995 neque
3096 910 3270 975 diem

486 1022 493 1029 ’
550 1019 822 1098 indicat,
891 1038 1020 1101 quo
1086 1037 1238 1081 rure
1285 1018 1373 1083 ‚in
1436 1018 1666 1085 urbem
1718 1018 2016 1097 redierit,
2087 1018 2205 1083 sed
2259 1040 2368 1083 res
2421 1016 2732 1085 facillime
2781 1040 2864 1083 ex
2907 1022 3004 1083 eis
3052 1017 3267 1083 verbis

550 1130 762 1191 conici
811 1132 1048 1208 potest,
1100 1146 1267 1211 quae
1316 1126 1383 1189 in
1430 1124 1936 1192 Confessionum
1983 1124 2155 1190 libro
2201 1124 2313 1191 IX
2349 1128 2414 1205 6,
2468 1128 2548 1191 14
2594 1125 2897 1208 legimus:
2949 1127 3112 1191 Inde
3147 1126 3270 1189 ubi

548 1242 802 1319 tempus
846 1233 1124 1314 advenit,
1172 1254 1299 1316 quo
1346 1255 1444 1297 me
1488 1254 1725 1297 nomen
1768 1234 1922 1297 dare
1967 1239 2298 1317 oporteret,
2355 1234 2573 1298 relicto
2619 1255 2774 1297 rure
2821 1234 3262 1297 Mediolanum

547 1342 994 1407 remeavimus,
1042 1339 1279 1405 Certus
1326 1340 1499 1403 enim
1538 1347 1683 1406 erat
1718 1339 1882 1418 dies,
1933 1360 2064 1423 quo
2103 1340 2558 1405 catechumeni
2605 1360 2900 1405 sermone
2939 1338 3262 1417 soUemni,

548 1455 623 1511 ut
668 1468 910 1513 nomen
958 1468 1147 1511 suum
1195 1441 1447 1523 darent,
1512 1446 1599 1511 ab
1646 1449 1958 1529 episcopo
2013 1445 2484 1511 invitabantur.
2577 1443 2709 1528 Qui
2757 1445 2898 1510 dies
2944 1444 3148 1510 festus
3193 1448 3264 1509 in

546 1552 829 1619 ecclesia
872 1551 1381 1630 Mediolanensi,
1446 1556 1515 1615 in
1580 1574 1712 1637 qua
1759 1550 2152 1617 Ambrosius
2217 1573 2296 1616 eo
2353 1560 2644 1636 tempore
2713 1555 3064 1637 episcopus
3117 1550 3260 1628 fuit,

544 1668 689 1725 erat
750 1660 1131 1744 Epiphania
1197 1658 1469 1723 Domini
1534 1660 1621 1741 (6.
1670 1656 1812 1724 dies
1869 1656 2195 1742 Ianuarii)
2209 1658 2254 1722 ⁸.
2348 1658 2584 1743 Itaque
2652 1657 2944 1723 dubitari
3008 1660 3260 1741 nequit,

546 1768 704 1851 quin
752 1765 1166 1851 Augustinus
1214 1765 1317 1829 die
1365 1764 1892 1849 Epiphaniorum
1939 1766 2097 1829 anni
2144 1767 2294 1831 387.
2370 1763 2742 1830 Mediolani
2787 1785 3026 1829 nomen
3071 1784 3262 1828 suum

544 1873 817 1964 dederit.

756 1978 821 2044 A
862 2001 990 2062 quo
1040 1978 1143 2043 die
1190 2000 1399 2063 usque
1448 1978 1535 2043 ad
1580 1978 1845 2043 Pascha
1891 1978 2184 2043 eiusdem
2231 1978 2387 2043 anni
2435 1976 2845 2061 Augustinus
2893 1973 3262 2039 Mediolani

540 2090 784 2151 mansit
828 2093 1026 2169 atque
1082 2084 1169 2150 ad
1225 2084 1712 2169 suscipiendum
1756 2084 2090 2167 baptisma
2135 2106 2204 2151 se
2263 2084 2728 2169 praeparabat.
2821 2080 2956 2147 Sed
3001 2102 3084 2146 ne
3131 2082 3258 2145 hoc

542 2192 806 2277 quidem
834 2198 1126 2275 tempore
1158 2191 1397 2271 studia,
1432 2212 1601 2277 quae
1630 2198 1767 2257 tam
1797 2192 2244 2271 adamaverat,
2285 2194 2654 2257 intermisit.
2701 2191 2784 2255 In
2811 2188 3258 2255 Retractatio-

538 2322 695 2365 num
741 2304 915 2365 enim
959 2298 1115 2364 libri
1159 2302 1352 2381 primi
1398 2320 1538 2383 cap.
1578 2304 1617 2365 5
1666 2301 1763 2382 (6)
1811 2298 1975 2364 haec
2025 2299 2104 2366 de
2154 2306 2360 2365 semet
2407 2304 2548 2383 ipso
2594 2304 2849 2363 narrat:
2916 2296 3045 2361 Per
3087 2296 3258 2359 ⁴idem

538 2416 808 2493 tempu-3,
868 2428 995 2491 quo
1050 2406 1412 2471 Mediolani
1470 2407 1582 2490 fui
1642 2406 2041 2491 baptismum
2093 2414 2540 2492 perceptura-5,
2597 2404 2827 2471 etiam
2881 2402 3256 2487 Discipli-

536 2536 815 2579 narum
872 2514 1116 2579 libros
1170 2519 1495 2577 conatus
1548 2535 1718 2577 sum
1772 2514 2116 2579 seribere
2155 2562 2406 2579 .....
2458 2535 2603 2599 per
2647 2510 3088 2598 corporalia
3133 2530 3255 2574 cu·

525 2622 757 2707 piens
819 2618 915 2685 ad
974 2620 1511 2705 incorporalia
1583 2620 2048 2704 quibusdam
2123 2622 2353 2706 quasi
2403 2620 2778 2707 passibus
2841 2618 3075 2685 certis
3139 2616 3260 2680 rel

524 2730 939 2815 pervenire
990 2728 1103 2792 vel
1148 2722 1441 2792 ducere.
2027 2733 2034 2744 '

532 3011 799 3080 eoeyisset.
836 3009 967 3079 Ipsa
1004 3028 1089 3063 me
1126 3026 1273 3063 nuno
1310 3027 1329 3061 -ι
1340 3027 1377 3063 n
1417 3010 1544 3079 σιὼ,
1583 3012 1725 3079 quod
1763 3011 2088 3065 vehementer
2123 3013 2454 3082 optavimus,
2491 3012 2650 3066 nutri
2653 3016 2674 3065 t
2709 3017 2758 3065 et
2791 3010 2957 3079 fove&
2996 3010 3130 3079 ipsa
3167 3028 3257 3064 me

528 3099 753 3167 penitus
788 3098 858 3152 ab
894 3098 1005 3153 illa
1038 3098 1443 3167 superstitione,
1482 3099 1553 3153 in
1590 3116 1757 3168 quam
1795 3106 1843 3153 te
1872 3118 2081 3155 mee-mn
2099 3102 2357 3171 praecipi
2361 3107 2466 3155 tem
2493 3102 2760 3167 dederam,
2790 3100 3046 3154 liberavit
3059 3118 3078 3153 .·
3119 3099 3258 3169 ipsa

531 3188 683 3240 enim
736 3189 882 3241 docet
938 3194 985 3241 et
1031 3206 1146 3241 vere
1190 3188 1337 3241 docet
1381 3188 1537 3241 nihil
1582 3189 1809 3242 omnino
1854 3190 2137 3243 colendum
2182 3208 2292 3243 esse
2348 3196 2618 3259 totumque
2664 3188 2938 3243 contemni
2993 3194 3253 3257 oportere,

528 3276 798 3345 quicquid
832 3276 1156 3330 mortalibus
1192 3276 1367 3329 oculis
1404 3279 1665 3343 cern-itur,
1704 3278 1970 3346 quiequid
2006 3278 2153 3331 ullus
2189 3292 2381 3333 sensus
2418 3280 2658 3348 attinyit.

748 3382 765 3417 ²
800 3382 1080 3437 Plurimae
1119 3386 1421 3437 sententias
1458 3400 1587 3437 cum
1626 3402 1694 3437 ex
1733 3384 1858 3437 aliis
1888 3384 2173 3439 Ciceronis
2211 3384 2370 3439 libris
2409 3392 2530 3439 tum
2569 3402 2637 3441 ex
2668 3384 2972 3441 Hortensio
3000 3392 3254 3455 sumptas

530 3488 647 3525 esse
690 3472 1008 3526 Desiderius
1046 3470 1329 3527 Ohlma-nn
1376 3474 1433 3525 in
1482 3472 1878 3540 disputatione,
1933 3490 2102 3541 quam
2151 3474 2219 3528 de
2265 3492 2306 3527 s.
2344 3476 2648 3545 Augustini
2696 3476 2935 3544 dialogis
2973 3474 3032 3529 in
3069 3476 3255 3529 Cassi-

530 3562 685 3614 ciaco
734 3562 953 3630 scriptis
988 3562 1358 3630 Argentorati
1404 3578 1454 3615 a.
1485 3562 1621 3615 1897
1662 3561 1857 3626 edidit,
1903 3579 1956 3631 p.
1985 3564 2056 3617 34
2085 3582 2168 3632 sq.
2207 3565 2466 3619 ostendit.
2543 3564 2698 3634 Quae
2736 3566 3084 3634 Augustinus
3120 3562 3252 3617 Pla-

526 3653 649 3705 toni
686 3652 775 3705 vel
812 3648 1119 3705 Platonicis
1157 3650 1374 3715 debeat,
1414 3649 1665 3703 Stoi-zius
1710 3652 1768 3704 in
1814 3651 1976 3719 libro,
2016 3670 2180 3721 quem
2219 3655 2529 3723 inscripsit:
2585 3654 2714 3707 ‘Die
2751 3653 3112 3723 Philosophie
3151 3653 3251 3706 des

526 3740 604 3797 hl.
624 3739 997 3809 Augustinus’
1036 3738 1324 3809 (Friburgi
1352 3741 1411 3793 in
1437 3739 1735 3807 Brisgovia
1764 3740 1942 3808 1882),
1969 3741 2214 3797 edocuit.
2243 3774 2311 3783 -
2345 3744 2605 3797 Ceterum
2635 3730 2983 3814 Augustinus
3011 3744 3248 3797 nimium

524 3829 673 3883 hunc
710 3828 964 3883 Platonis
1001 3830 1059 3881 et
1095 3826 1379 3881 Ciceronis
1416 3826 1800 3896 philosophiae
1840 3846 2083 3883 amorem
2121 3832 2435 3901 vituperare
2475 3834 2696 3887 videtur
2734 3832 2792 3885 in
2821 3830 3247 3887 confessionum

526 3920 563 3972 1.
599 3917 688 3972 1x
724 3920 777 3985 4,
816 3919 867 3972 7.

739 4024 761 4058 2
798 4023 884 4077 cf.
924 4020 1085 4075 eonf.
1122 4022 1211 4075 lx
1246 4024 1299 4089 4,
1340 4024 1388 4075 7.

738 4128 760 4162 ³
804 4128 1092 4182 Ambrosii
1146 4130 1529 4183 testimonium
1584 4135 1769 4184 exstat
1823 4132 1882 4185 in
1929 4132 2239 4187 Commeat.
2289 4136 2345 4188 in
2394 4134 2528 4188 Luc.
2575 4132 2666 4189 1v
2716 4134 2870 4202 1354,
2917 4136 3012 4207 76:
3069 4134 3242 4188 Prae-

522 4224 714 4288 ceptor,
762 4217 947 4285 inqm’t
986 4217 1249 4285 (Simon),
1290 4236 1393 4287 per
1436 4224 1600 4273 totam
1639 4227 1846 4275 noctem
1891 4223 2196 4277 laborantes
2240 4223 2391 4278 nihil
2425 4225 2686 4294 cepimus,
2731 4226 2826 4278 sed
2859 4224 2926 4278 in
2959 4226 3112 4279 verbo
3149 4230 3241 4279 tuo

520 4307 716 4361 lambo
750 4306 910 4361 retia.
978 4306 1047 4359 Et
1082 4324 1189 4375 e90,
1226 4307 1478 4375 Domine,
1514 4309 1644 4374 seio,
1684 4310 1820 4378 quia
1857 4329 1966 4365 nox
2009 4312 2157 4365 milti
2195 4318 2288 4379 est,
2336 4314 2554 4382 quando
2591 4332 2704 4368 non
2739 4314 3003 4384 imperas.
3065 4313 3240 4367 Nemo

519 4397 698 4449 adhuc
742 4395 895 4449 dedit
937 4411 1137 4448 nomen
1178 4412 1361 4464 seeum,
1416 4398 1594 4451 adhue
1637 4404 1849 4453 noctem
1891 4400 2071 4454 habeo.
2127 4400 2272 4455 Misi
2311 4401 2560 4456 iaculum
2595 4402 2740 4457 vocis
2769 4420 2872 4471 per
2907 4402 3023 4473 spi
3194 4402 3242 4457 ‘a

518 4491 567 4535 et
604 4484 783 4537 adhuc
825 4483 976 4537 nihil
1020 4484 1139 4551 cepi
1150 4501 1169 4547 ;
1218 4485 1358 4539 misi
1382 4503 1485 4554 por
1518 4486 1682 4542 diem.
1745 4488 2022 4557 Respecto,
2067 4496 2127 4544 ut
2173 4491 2376 4558 iubeas,
2423 4490 2490 4544 in
2533 4492 2685 4545 verbo
2723 4498 2812 4545 tuo
2849 4492 3042 4546 laxabo
3079 4492 3237 4545 retia.

502 4572 605 4625 ‹(³f.
654 4572 868 4639 Meyer,
926 4571 1287 4627 ‘Geschichte
1340 4572 1439 4628 des
1484 4575 1998 4633 Katechumenates
2055 4581 2111 4631 in
2167 4580 2274 4633 den
2319 4585 2505 4634 ersten
2549 4580 2704 4635 sechs
2751 4578 3234 4635 Jahrhunderten’

502 4660 802 4729 -Kempoen
842 4658 997 4726 1868,
1037 4676 1091 4727 p.
1123 4662 1207 4715 74.
