3567 5109
1445 325 1931 389 —101—

321 537 459 622 qui
492 537 955 620 conceditur,
992 537 1419 601 imitando?
1479 535 1669 617 Quid,
1698 539 1871 620 quod
1903 538 2002 601 ita
2027 537 2180 620 fieri
2207 537 2369 621 ipsis
2397 558 2646 621 quoque
2674 539 3048 622 esperimur

322 645 675 728 exemplis?
768 645 945 709 Nam
1016 644 1186 708 sine
1238 644 1687 728 praeceptis
1750 645 2170 708 rhetoricis
2233 645 2592 709 norimus
2653 646 3048 730 pluri-mos

323 751 892 835 eloquentiores
927 751 1329 836 plurimis,
1377 752 1516 834 qui
1558 751 1705 815 illa
1749 751 2224 815 didicerunt:
2281 753 2450 816 sine
2498 753 2715 816 lectis
2767 775 2935 818 rero
2981 759 3048 816 et

324 859 626 922 auditis
671 858 1199 943 eloquentium
1244 858 1926 942 disputationibus
1969 859 2082 922 rel
2114 859 2596 923 dictionibus
2641 861 3042 924 neminem.

324 966 500 1029 Nam
538 987 742 1050 neque
776 967 925 1050 ipsa
959 972 1099 1030 arte
1129 965 1580 1048 qrammatiea,
1618 985 1749 1047 qua
1776 965 2054 1028 discitur
2091 964 2434 1029 locutionis
2468 966 2709 1050 inteqri
2711 973 2826 1048 tas,
2868 967 3045 1030 indi-

320 1078 547 1156 9erent
578 1073 794 1156 pueri,
852 1073 916 1136 si
968 1073 1061 1136 eis
1104 1073 1281 1136 inter
1323 1071 1633 1152 homines,
1680 1071 1801 1154 qui
1842 1071 2088 1154 inteyre
2134 1073 2565 1154 loquerentur,
2612 1094 2882 1138 creseere
2927 1076 3044 1138 da-

324 1185 509 1244 retur
552 1186 616 1244 et
656 1179 885 1243 virere.
963 1179 1330 1242 Nescientes
1366 1179 1606 1262 quippe
1640 1179 1782 1242 ulla
1816 1177 2092 1241 nomina
2127 1178 2459 1260 ritiorum,
2499 1180 2820 1264 quidquid
2858 1182 3044 1244 ritio-

324 1307 479 1350 sum
513 1286 899 1370 cuiusquam
940 1307 1048 1352 ore
1064 1287 1085 1323 ¹
1124 1286 1441 1370 loquentis
1476 1285 1801 1364 mutirent,
1839 1305 2008 1348 sana
2042 1306 2166 1348 sua
2202 1287 2663 1350 consuetudine
2703 1289 3007 1371 rep-rehen
3020 1325 3045 1335 —

326 1394 551 1458 derent
584 1399 646 1456 et
679 1399 990 1474 carerent,
1036 1394 1209 1458 simet
1250 1392 1527 1456 rustims
1572 1392 1820 1455 urbani
1859 1393 2354 1475 reprehendunt,
2403 1393 2597 1457 etiam
2645 1394 2764 1476 qui
2807 1396 3053 1459 litteras

324 1499 678 1564 nest-inne.

543 1604 691 1670 Iam
735 1609 937 1688 igitur
981 1609 1049 1669 in
1088 1611 1317 1689 aperto
1358 1611 1459 1670 est
1485 1603 1934 1687 Augustinum
1970 1603 2447 1683 adulescenteS,
2493 1609 2606 1687 qui
2647 1606 2874 1671 diserti
2911 1607 3055 1672 fieri

330 1711 592 1791 vellent,
647 1712 959 1778 libentius
1007 1713 1095 1777 ad
1142 1713 1510 1777 audiendos
1558 1719 1627 1777 et
1670 1711 2026 1776 imitandos
2074 1711 2498 1796 eloquentes³
2542 1734 2742 1797 quam
2781 1714 2870 1778 ad
2906 1714 3052 1778 rhe-

328 1824 508 1884 tores
556 1823 901 1884 missurum
948 1819 1172 1886 fuisse.

544 1927 637 1992 Et
663 1934 1005 2011 tamquam
1032 1931 1312 2004 timeret,
1351 1947 1435 1990 ne
1463 1929 1529 2003 ii,
1558 1930 1670 2009 qui
1697 1924 1902 1989 libros
1932 1946 2086 1989 suos
2111 1925 2422 2009 legerent,
2449 1927 2682 1990 horum
2713 1927 3056 1992 verborum

330 2038 463 2099 cito
482 2033 1038 2112 obliviscerentur,
1062 2032 1267 2118 paulo
1297 2039 1449 2116 post
1476 2035 1564 2116 (5,
1589 2033 1657 2114 8)
1688 2031 1969 2096 eandem
1997 2037 2236 2115 repetit
2263 2037 2681 2098 sententiam:
2717 2035 2921 2099 Porro
2942 2038 3060 2120 qui

329 2163 469 2206 non
502 2143 715 2206 solum
751 2142 1095 2225 sapienter,
1124 2162 1353 2204 ‘rerum
1380 2141 1579 2204 etiam
1607 2141 1973 2223 eloquenter
1999 2141 2142 2204 rult
2165 2141 2387 2221 dicere,
2427 2142 2741 2224 quomam
2769 2144 3058 2226 profecto

322 2250 485 2334 plus
529 2249 840 2334 proderet,
897 2249 961 2312 si
1010 2253 1366 2330 utmmque
1411 2247 1728 2330 potuerit,
1787 2249 1883 2311 ad
1937 2248 2286 2330 leyendos
2348 2249 2463 2311 rel
2511 2249 2939 2314 audiendos
2993 2257 3063 2314 et

333 2355 893 2420 exercitatione
937 2355 1365 2419 imitandos
1410 2355 1850 2436 eloquentes
1895 2375 2062 2417 eum
2115 2355 2339 2419 mitto
2388 2356 2784 2438 libentius,
2834 2379 3055 2440 quam

334 2463 739 2546 maqistris
802 2461 1003 2525 artis
1066 2462 1495 2526 rhetoricae
1542 2482 1812 2525 vacare
1847 2461 2289 2544 praecipio:
2354 2463 2426 2524 si
2481 2467 2733 2528 tamen
2778 2464 2857 2545 ii,
2925 2466 3062 2548 qui

338 2570 707 2653 lequntur
760 2575 830 2633 et
882 2569 1341 2649 audiuntur,
1406 2589 1563 2632 non
1624 2569 1874 2631 solum
1937 2569 2397 2651 eloquenter,
2461 2571 2590 2632 sed
2651 2571 2879 2634 etiam
2938 2594 3056 2634 sa-

328 2677 640 2761 pienter
684 2677 977 2740 dixisse
1038 2676 1134 2740 rel
1174 2676 1379 2739 dicere
1434 2674 1651 2738 reraci
1684 2675 2168 2758 praedicatione
2225 2676 2600 2740 laudantur.
2709 2676 2852 2752 Qui.
2884 2679 3056 2740 euim

336 2785 699 2866 eloquenter
742 2784 989 2863 dicunt,
1034 2783 1343 2864 suaviter,
1389 2781 1509 2864 qui
1550 2781 1894 2864 sapienter,
1941 2782 2292 2844 salubriter
2335 2783 2725 2847 audiuntur.

554 2889 705 2953 Non
752 2888 1031 2953 multum
1077 2891 1276 2972 igitur
1321 2886 1731 2969 Augustinus
1778 2888 2114 2951 rhetorum
2162 2892 2526 2971 sapientiae
2575 2887 2971 2953 confidebat.

556 2993 691 3060 Sed
734 2999 869 3060 iam
914 2994 1122 3060 multo
1170 3001 1325 3059 ante
1371 3015 1519 3058 eum
1570 2991 1800 3058 Cicero
1848 2992 2218 3058 rhetoribus
2255 2997 2584 3058 inscitiam
2622 2994 3062 3078 exprobravit.

341 3102 635 3167 Primum
680 3108 1053 3186 propterea,
1122 3101 1301 3184 quod
1349 3101 1439 3164 ad
1485 3104 1790 3182 ineptiae,
1860 3120 2029 3184 quae
2077 3101 2168 3164 ad
2213 3100 2477 3165 dicendi
2523 3121 2712 3165 usum
2763 3101 3062 3166 conferre

340 3209 504 3274 nihil
544 3215 831 3292 possent,
878 3212 1133 3273 minuta
1169 3206 1535 3272 subtilitate
1576 3206 2072 3285 descenderent,
2113 3211 2209 3271 ita
2247 3216 2324 3272 ut
2360 3211 2657 3272 iuventus
2699 3209 3067 3273 dedisceret

342 3338 423 3382 ea
443 3315 755 3380 discendo
786 3320 1178 3399 ingeniaque
1210 3314 1731 3379 adulescentium
1759 3335 1894 3378 non
1915 3321 2327 3394 acuerentur,
2352 3315 2468 3378 sed
2489 3315 3066 3394 obtunderentur4,

343 3423 581 3488 deinde
631 3423 811 3506 quod
865 3422 951 3487 ab
1007 3425 1184 3486 omni
1230 3421 1533 3505 politiore
1590 3419 1920 3503 elegantia
1978 3429 2180 3504 atque
2226 3421 2635 3488 humanitate
2683 3423 3061 3506 longissime

343 3530 668 3595 abessent.

556 3639 783 3720 Atque
832 3657 1030 3718 quam
1078 3639 1339 3718 copiose
1388 3642 1453 3699 et
1499 3634 1919 3700 abundanter
1965 3639 2126 3699 artis
2177 3635 2438 3700 dicendi
2495 3640 2793 3719 magistri
2843 3637 2922 3700 de
2972 3641 3069 3701 in-

342 3748 645 3808 ventione
692 3747 1011 3825 imprimis
1060 3741 1487 3806 disseruerint
1532 3749 1599 3807 et
1643 3747 1712 3805 in
1758 3749 2041 3825 quantas
2091 3747 2449 3825 captioneS,
2503 3748 2856 3826 praecipue
2917 3746 3071 3809 doc-

345 3855 587 3916 trinam
644 3851 725 3914 de
783 3870 1129 3914 causarum
1177 3849 1754 3914 constitutionibus
1810 3856 2195 3928 tractanteS,
2254 3871 2321 3913 se
2370 3851 2722 3928 induerint,
2769 3872 2848 3914 ex
2896 3873 3070 3916 com-

344 3961 685 4023 mentariis
748 3957 1105 4035 rhetorum,
1168 3960 1281 4038 qui
1336 3955 1524 4020 nobis
1580 3960 1649 4020 in
1706 3977 1940 4020 manus
1998 3964 2332 4034 venerunt,
2392 3961 2552 4020 satis
2605 3957 3073 4040 intellegimus.

346 4063 669 4129 Videmus
725 4067 899 4128 enim
954 4067 1133 4146 ipsos
1188 4062 1276 4128 ad
1333 4069 1691 4126 extremum
1740 4083 1810 4126 se
1858 4066 1992 4127 suis
2041 4063 2452 4127 acuminibus
2501 4068 2956 4146 compunxisse
3007 4074 3074 4129 et

347 4169 555 4236 multa
604 4170 982 4254 quaerendo
1031 4174 1397 4254 repperisse
1454 4190 1586 4233 non
1635 4169 1832 4233 modo
1890 4191 1988 4247 ea,
2054 4191 2222 4252 quae
2271 4173 2402 4232 iam
2449 4173 2577 4252 ipsi
2623 4191 2754 4233 non
2803 4180 3073 4254 possent

567 4382 587 4416 ²
624 4385 717 4436 An
754 4401 819 4436 ea:
854 4401 945 4435 ore
980 4381 1319 4452 legendum?

565 4471 587 4504 ²
624 4471 706 4524 De
746 4471 924 4524 doctr.
965 4471 1094 4524 Chr.
1125 4470 1214 4524 IV
1250 4472 1299 4538 3,
1340 4473 1389 4524 5.

564 4559 587 4594 ³
623 4561 858 4629 Eodem,
897 4579 1007 4630 quo
1046 4562 1415 4630 AugustinuS,
1456 4561 1622 4614 modo
1664 4562 1900 4614 Dionem
1938 4561 2006 4614 de
2046 4562 2366 4630 eloquentia
2404 4561 2782 4629 comparanda
2821 4563 3074 4616 sensisse.

352 4650 532 4704 oratio
570 4651 689 4703 eius
726 4655 985 4718 testatur,
1025 4667 1193 4718 quam
1230 4650 1297 4703 de
1338 4651 1560 4704 dicendi
1601 4652 2006 4704 exercitatione
2045 4650 2256 4716 habuit,
2299 4650 2368 4702 cf.
2409 4650 2472 4703 II
2509 4669 2560 4718 p.
2591 4651 2697 4704 250
2726 4669 2841 4720 sqq.
2883 4652 2993 4712 (ed.
3030 4653 3073 4704 l.

353 4739 421 4792 de
462 4739 703 4791 Arnim).
2601 4760 2624 4786 ο

567 4827 587 4860 ⁴
627 4829 706 4880 De
748 4847 825 4882 or.
856 4828 952 4883 ΙΙΙ
989 4831 1074 4884 93.
