<?xml version="1.0" encoding="UTF-8"?>
<!DOCTYPE html PUBLIC "-//W3C//DTD XHTML 1.0 Transitional//EN"
    "http://www.w3.org/TR/xhtml1/DTD/xhtml1-transitional.dtd">
<html xmlns="http://www.w3.org/1999/xhtml" xml:lang="en" lang="en">
 <head>
  <title>
</title>
<meta http-equiv="Content-Type" content="text/html;charset=utf-8" />
  <meta name='ocr-system' content='tesseract 3.04.00' />
  <meta name='ocr-capabilities' content='ocr_page ocr_carea ocr_par ocr_line ocrx_word'/>
</head>
<body>
  <div class='ocr_page' id='page_1' title='image "./dissertationesp09wiengoog_0262.png"; bbox 0 0 3567 5109; ppageno 0'>
   <div class='ocr_carea' id='block_1_1' title="bbox 1686 265 2128 326">
    <p class='ocr_par' dir='ltr' id='par_1_1' title="bbox 1686 265 2128 326">
     <span class='ocr_line' id='line_1_1' title="bbox 1686 265 2128 326; baseline -0.002 -18"><span class='ocrx_word' id='word_1_1' title='bbox 1686 265 2128 326; x_wconf 68' lang='grc'>-48-</span> 
     </span>
    </p>
   </div>
   <div class='ocr_carea' id='block_1_2' title="bbox 530 464 3277 3213">
    <p class='ocr_par' dir='ltr' id='par_1_2' title="bbox 543 464 3277 771">
     <span class='ocr_line' id='line_1_2' title="bbox 544 464 3277 557; baseline 0 -20"><span class='ocrx_word' id='word_1_2' title='bbox 544 475 811 538; x_wconf 85' lang='grc'>0111111110</span> <span class='ocrx_word' id='word_1_3' title='bbox 860 464 993 539; x_wconf 85' lang='grc'>11011</span> <span class='ocrx_word' id='word_1_4' title='bbox 1044 475 1356 556; x_wconf 89' lang='lat' dir='ltr'>potuisse,</span> <span class='ocrx_word' id='word_1_5' title='bbox 1410 472 1593 538; x_wconf 91' lang='lat' dir='ltr'>nullo</span> <span class='ocrx_word' id='word_1_6' title='bbox 1643 482 1862 538; x_wconf 89' lang='lat' dir='ltr'>autem</span> <span class='ocrx_word' id='word_1_7' title='bbox 1913 476 2106 539; x_wconf 92' lang='lat' dir='ltr'>modo</span> <span class='ocrx_word' id='word_1_8' title='bbox 2146 474 2288 539; x_wconf 91' lang='lat' dir='ltr'>fieri</span> <span class='ocrx_word' id='word_1_9' title='bbox 2319 481 2558 557; x_wconf 88' lang='lat' dir='ltr'>potest,</span> <span class='ocrx_word' id='word_1_10' title='bbox 2605 482 2681 538; x_wconf 94' lang='lat' dir='ltr'>ut</span> <span class='ocrx_word' id='word_1_11' title='bbox 2709 476 2910 557; x_wconf 85' lang='lat' dir='ltr'>priori</span> <span class='ocrx_word' id='word_1_12' title='bbox 2942 474 3277 539; x_wconf 78' lang='lat' dir='ltr'>tribuatur</span> 
     </span>
     <span class='ocr_line' id='line_1_3' title="bbox 544 573 3274 665; baseline 0 -20"><span class='ocrx_word' id='word_1_13' title='bbox 544 582 762 645; x_wconf 85' lang='lat' dir='ltr'>aetati.</span> <span class='ocrx_word' id='word_1_14' title='bbox 858 580 1045 665; x_wconf 81' lang='lat' dir='ltr'>Quae</span> <span class='ocrx_word' id='word_1_15' title='bbox 1072 573 1189 645; x_wconf 71' lang='lat' dir='ltr'>&#39;ad</span> <span class='ocrx_word' id='word_1_16' title='bbox 1246 590 1497 645; x_wconf 91' lang='lat' dir='ltr'>ceteras</span> <span class='ocrx_word' id='word_1_17' title='bbox 1564 581 2040 646; x_wconf 86' lang='lat' dir='ltr'>affirmationes</span> <span class='ocrx_word' id='word_1_18' title='bbox 2099 584 2412 662; x_wconf 80' lang='lat' dir='ltr'><strong>attinent,</strong></span> <span class='ocrx_word' id='word_1_19' title='bbox 2445 657 2454 665; x_wconf 30' lang='grc' dir='ltr'><strong>ο</strong></span> <span class='ocrx_word' id='word_1_20' title='bbox 2483 584 2830 647; x_wconf 79' lang='lat' dir='ltr'>maximam</span> <span class='ocrx_word' id='word_1_21' title='bbox 2885 589 3142 665; x_wconf 86' lang='lat' dir='ltr'>partem</span> <span class='ocrx_word' id='word_1_22' title='bbox 3199 584 3274 645; x_wconf 88' lang='lat' dir='ltr'>in</span> 
     </span>
     <span class='ocr_line' id='line_1_4' title="bbox 543 688 3176 771; baseline 0.001 -20"><span class='ocrx_word' id='word_1_23' title='bbox 543 688 741 753; x_wconf 90' lang='lat' dir='ltr'>dubio</span> <span class='ocrx_word' id='word_1_24' title='bbox 792 688 1238 771; x_wconf 81' lang='lat' dir='ltr'>relinquimur,</span> <span class='ocrx_word' id='word_1_25' title='bbox 1289 710 1491 770; x_wconf 91' lang='lat' dir='ltr'>quare</span> <span class='ocrx_word' id='word_1_26' title='bbox 1539 688 1645 752; x_wconf 93' lang='lat' dir='ltr'>hic</span> <span class='ocrx_word' id='word_1_27' title='bbox 1694 688 1956 753; x_wconf 85' lang='lat' dir='ltr'>adferre</span> <span class='ocrx_word' id='word_1_28' title='bbox 2004 710 2560 771; x_wconf 86' lang='lat' dir='ltr'>supervacaneum</span> <span class='ocrx_word' id='word_1_29' title='bbox 2607 710 2748 753; x_wconf 90' lang='lat' dir='ltr'>esse</span> <span class='ocrx_word' id='word_1_30' title='bbox 2789 690 3176 754; x_wconf 68' lang='lat' dir='ltr'>censuimus</span> 
     </span>
    </p>

    <p class='ocr_par' dir='ltr' id='par_1_3' title="bbox 530 794 3270 3213">
     <span class='ocr_line' id='line_1_5' title="bbox 756 794 3266 879; baseline 0 -20"><span class='ocrx_word' id='word_1_31' title='bbox 756 794 1107 879; x_wconf 79' lang='lat' dir='ltr'>Quoniam·</span> <span class='ocrx_word' id='word_1_32' title='bbox 1130 818 1227 873; x_wconf 92' lang='lat' dir='ltr'>ea,</span> <span class='ocrx_word' id='word_1_33' title='bbox 1298 816 1464 877; x_wconf 91' lang='lat' dir='ltr'>quae</span> <span class='ocrx_word' id='word_1_34' title='bbox 1512 794 1608 859; x_wconf 94' lang='lat' dir='ltr'>illi</span> <span class='ocrx_word' id='word_1_35' title='bbox 1658 797 1778 859; x_wconf 84' lang='lat' dir='ltr'>viri</span> <span class='ocrx_word' id='word_1_36' title='bbox 1828 795 2002 861; x_wconf 86' lang='lat' dir='ltr'>docti</span> <span class='ocrx_word' id='word_1_37' title='bbox 2053 797 2550 879; x_wconf 88' lang='lat' dir='ltr'>quaestionibus</span> <span class='ocrx_word' id='word_1_38' title='bbox 2597 796 2677 861; x_wconf 93' lang='lat' dir='ltr'>de</span> <span class='ocrx_word' id='word_1_39' title='bbox 2727 796 3104 879; x_wconf 78' lang='lat' dir='ltr'>particulis,</span> <span class='ocrx_word' id='word_1_40' title='bbox 3149 796 3266 861; x_wconf 89' lang='lat' dir='ltr'>ad-</span> 
     </span>
     <span class='ocr_line' id='line_1_6' title="bbox 542 902 3268 985; baseline 0 -20"><span class='ocrx_word' id='word_1_41' title='bbox 542 902 1038 979; x_wconf 87' lang='lat' dir='ltr'>firmationibus,</span> <span class='ocrx_word' id='word_1_42' title='bbox 1091 902 1715 985; x_wconf 81' lang='lat' dir='ltr'>interrogationibus</span> <span class='ocrx_word' id='word_1_43' title='bbox 1764 902 2060 967; x_wconf 79' lang='lat' dir='ltr'>adsecuti</span> <span class='ocrx_word' id='word_1_44' title='bbox 2107 910 2280 982; x_wconf 90' lang='lat' dir='ltr'>sunt,</span> <span class='ocrx_word' id='word_1_45' title='bbox 2330 905 2398 967; x_wconf 92' lang='lat' dir='ltr'>in</span> <span class='ocrx_word' id='word_1_46' title='bbox 2438 902 2788 968; x_wconf 85' lang='lat' dir='ltr'>Alcibiade</span> <span class='ocrx_word' id='word_1_47' title='bbox 2827 904 3268 981; x_wconf 76' lang='lat' dir='ltr'>adhibuimUS,</span> 
     </span>
     <span class='ocr_line' id='line_1_7' title="bbox 538 1008 3270 1093; baseline -0 -19"><span class='ocrx_word' id='word_1_48' title='bbox 538 1011 673 1074; x_wconf 86' lang='lat' dir='ltr'>iam</span> <span class='ocrx_word' id='word_1_49' title='bbox 720 1030 886 1093; x_wconf 90' lang='lat' dir='ltr'>quae</span> <span class='ocrx_word' id='word_1_50' title='bbox 936 1008 1407 1091; x_wconf 80' lang='lat' dir='ltr'>profecerimus</span> <span class='ocrx_word' id='word_1_51' title='bbox 1452 1010 1682 1091; x_wconf 83' lang='lat' dir='ltr'>paucis</span> <span class='ocrx_word' id='word_1_52' title='bbox 1732 1009 1946 1073; x_wconf 85' lang='lat' dir='ltr'>verbis</span> <span class='ocrx_word' id='word_1_53' title='bbox 1997 1010 2648 1091; x_wconf 77' lang='lat' dir='ltr'>comprehendamus·</span> <span class='ocrx_word' id='word_1_54' title='bbox 2729 1010 2958 1075; x_wconf 85' lang='lat' dir='ltr'>Facile</span> <span class='ocrx_word' id='word_1_55' title='bbox 3005 1008 3270 1073; x_wconf 87' lang='lat' dir='ltr'>intelle-</span> 
     </span>
     <span class='ocr_line' id='line_1_8' title="bbox 541 1113 3268 1199; baseline 0 -20"><span class='ocrx_word' id='word_1_56' title='bbox 541 1118 714 1197; x_wconf 90' lang='lat' dir='ltr'>gitur</span> <span class='ocrx_word' id='word_1_57' title='bbox 778 1113 944 1180; x_wconf 89' lang='lat' dir='ltr'>nihil</span> <span class='ocrx_word' id='word_1_58' title='bbox 1009 1136 1130 1180; x_wconf 92' lang='lat' dir='ltr'>nos</span> <span class='ocrx_word' id='word_1_59' title='bbox 1197 1116 1533 1199; x_wconf 88' lang='lat' dir='ltr'>antiquius</span> <span class='ocrx_word' id='word_1_60' title='bbox 1600 1115 1909 1180; x_wconf 86' lang='lat' dir='ltr'>habuisse</span> <span class='ocrx_word' id='word_1_61' title='bbox 1977 1138 2174 1199; x_wconf 89' lang='lat' dir='ltr'>quam</span> <span class='ocrx_word' id='word_1_62' title='bbox 2241 1123 2314 1179; x_wconf 86' lang='lat' dir='ltr'>ut</span> <span class='ocrx_word' id='word_1_63' title='bbox 2360 1116 2780 1181; x_wconf 85' lang='lat' dir='ltr'>Alcibiadem</span> <span class='ocrx_word' id='word_1_64' title='bbox 2835 1116 2922 1181; x_wconf 92' lang='lat' dir='ltr'>ad</span> <span class='ocrx_word' id='word_1_65' title='bbox 2987 1118 3268 1199; x_wconf 82' lang='lat' dir='ltr'>primam</span> 
     </span>
     <span class='ocr_line' id='line_1_9' title="bbox 538 1222 3270 1304; baseline 0 -17"><span class='ocrx_word' id='word_1_66' title='bbox 538 1222 840 1287; x_wconf 85' lang='lat' dir='ltr'>Platonis</span> <span class='ocrx_word' id='word_1_67' title='bbox 888 1228 1171 1287; x_wconf 84' lang='lat' dir='ltr'>aetatem</span> <span class='ocrx_word' id='word_1_68' title='bbox 1218 1244 1353 1287; x_wconf 89' lang='lat' dir='ltr'>non</span> <span class='ocrx_word' id='word_1_69' title='bbox 1398 1224 1728 1304; x_wconf 89' lang='lat' dir='ltr'>pertinere</span> <span class='ocrx_word' id='word_1_70' title='bbox 1779 1222 2397 1301; x_wconf 77' lang='lat' dir='ltr'>demonstraremuS,</span> <span class='ocrx_word' id='word_1_71' title='bbox 2445 1230 2522 1286; x_wconf 92' lang='lat' dir='ltr'>ut</span> <span class='ocrx_word' id='word_1_72' title='bbox 2568 1225 2766 1287; x_wconf 88' lang='lat' dir='ltr'>etiam</span> <span class='ocrx_word' id='word_1_73' title='bbox 2813 1224 2863 1287; x_wconf 90' lang='lat' dir='ltr'>ii</span> <span class='ocrx_word' id='word_1_74' title='bbox 2911 1225 3031 1287; x_wconf 79' lang='lat' dir='ltr'>viri</span> <span class='ocrx_word' id='word_1_75' title='bbox 3071 1223 3270 1299; x_wconf 87' lang='lat' dir='ltr'>doct-i,</span> 
     </span>
     <span class='ocr_line' id='line_1_10' title="bbox 541 1328 3267 1411; baseline 0.001 -20"><span class='ocrx_word' id='word_1_76' title='bbox 541 1330 651 1411; x_wconf 89' lang='lat' dir='ltr'>qui</span> <span class='ocrx_word' id='word_1_77' title='bbox 700 1328 1113 1393; x_wconf 89' lang='lat' dir='ltr'>Alcibiadem</span> <span class='ocrx_word' id='word_1_78' title='bbox 1160 1328 1258 1392; x_wconf 92' lang='lat' dir='ltr'>illi</span> <span class='ocrx_word' id='word_1_79' title='bbox 1305 1331 1507 1393; x_wconf 89' lang='lat' dir='ltr'>aetati</span> <span class='ocrx_word' id='word_1_80' title='bbox 1554 1328 1953 1408; x_wconf 88' lang='lat' dir='ltr'>tribuebant,</span> <span class='ocrx_word' id='word_1_81' title='bbox 2021 1328 2492 1393; x_wconf 88' lang='lat' dir='ltr'>refellerentur.</span> <span class='ocrx_word' id='word_1_82' title='bbox 2591 1328 2768 1394; x_wconf 81' lang='lat' dir='ltr'>Sane</span> <span class='ocrx_word' id='word_1_83' title='bbox 2815 1332 3014 1394; x_wconf 89' lang='lat' dir='ltr'>etiam</span> <span class='ocrx_word' id='word_1_84' title='bbox 3061 1330 3267 1411; x_wconf 85' lang='lat' dir='ltr'>parti-</span> 
     </span>
     <span class='ocr_line' id='line_1_11' title="bbox 540 1435 3270 1519; baseline -0.001 -18"><span class='ocrx_word' id='word_1_85' title='bbox 540 1436 703 1501; x_wconf 84' lang='lat' dir='ltr'>culis</span> <span class='ocrx_word' id='word_1_86' title='bbox 770 1436 1220 1501; x_wconf 85' lang='lat' dir='ltr'>confirmatum</span> <span class='ocrx_word' id='word_1_87' title='bbox 1298 1443 1401 1500; x_wconf 89' lang='lat' dir='ltr'>est</span> <span class='ocrx_word' id='word_1_88' title='bbox 1466 1436 1801 1500; x_wconf 89' lang='lat' dir='ltr'>Alcibiadi</span> <span class='ocrx_word' id='word_1_89' title='bbox 1877 1437 2143 1501; x_wconf 90' lang='lat' dir='ltr'>omnino</span> <span class='ocrx_word' id='word_1_90' title='bbox 2209 1438 2280 1501; x_wconf 90' lang='lat' dir='ltr'>in</span> <span class='ocrx_word' id='word_1_91' title='bbox 2345 1435 2648 1501; x_wconf 86' lang='lat' dir='ltr'>Platonis</span> <span class='ocrx_word' id='word_1_92' title='bbox 2711 1438 2919 1519; x_wconf 88' lang='lat' dir='ltr'>ipsius</span> <span class='ocrx_word' id='word_1_93' title='bbox 2985 1436 3270 1517; x_wconf 78' lang='lat' dir='ltr'>dialogis</span> 
     </span>
     <span class='ocr_line' id='line_1_12' title="bbox 537 1544 3265 1627; baseline -0 -20"><span class='ocrx_word' id='word_1_94' title='bbox 537 1544 753 1608; x_wconf 90' lang='lat' dir='ltr'>locum</span> <span class='ocrx_word' id='word_1_95' title='bbox 799 1564 935 1607; x_wconf 91' lang='lat' dir='ltr'>non</span> <span class='ocrx_word' id='word_1_96' title='bbox 982 1565 1145 1621; x_wconf 89' lang='lat' dir='ltr'>esse,</span> <span class='ocrx_word' id='word_1_97' title='bbox 1196 1565 1342 1607; x_wconf 89' lang='lat' dir='ltr'>cum</span> <span class='ocrx_word' id='word_1_98' title='bbox 1382 1546 1662 1627; x_wconf 91' lang='lat' dir='ltr'>scriptor</span> <span class='ocrx_word' id='word_1_99' title='bbox 1699 1545 2067 1626; x_wconf 88' lang='lat' dir='ltr'>promiscue</span> <span class='ocrx_word' id='word_1_100' title='bbox 2105 1544 2548 1608; x_wconf 82' lang='lat' dir='ltr'>locutionibus</span> <span class='ocrx_word' id='word_1_101' title='bbox 2589 1544 2980 1627; x_wconf 79' lang='lat' dir='ltr'>quibusdam</span> <span class='ocrx_word' id='word_1_102' title='bbox 3016 1550 3265 1621; x_wconf 89' lang='lat' dir='ltr'>utatur,</span> 
     </span>
     <span class='ocr_line' id='line_1_13' title="bbox 539 1649 3268 1735; baseline -0 -21"><span class='ocrx_word' id='word_1_103' title='bbox 539 1672 703 1733; x_wconf 87' lang='lat' dir='ltr'>quas</span> <span class='ocrx_word' id='word_1_104' title='bbox 752 1649 945 1714; x_wconf 90' lang='lat' dir='ltr'>Plato</span> <span class='ocrx_word' id='word_1_105' title='bbox 996 1657 1175 1715; x_wconf 89' lang='lat' dir='ltr'>certa</span> <span class='ocrx_word' id='word_1_106' title='bbox 1222 1651 1505 1732; x_wconf 89' lang='lat' dir='ltr'>quadam</span> <span class='ocrx_word' id='word_1_107' title='bbox 1554 1657 1769 1715; x_wconf 89' lang='lat' dir='ltr'>aetate</span> <span class='ocrx_word' id='word_1_108' title='bbox 1817 1668 1951 1715; x_wconf 88' lang='lat' dir='ltr'>non</span> <span class='ocrx_word' id='word_1_109' title='bbox 1999 1651 2378 1733; x_wconf 82' lang='lat' dir='ltr'>usurpabat.</span> <span class='ocrx_word' id='word_1_110' title='bbox 2473 1651 2558 1715; x_wconf 89' lang='lat' dir='ltr'>In</span> <span class='ocrx_word' id='word_1_111' title='bbox 2614 1651 2952 1716; x_wconf 89' lang='lat' dir='ltr'>nonnullis</span> <span class='ocrx_word' id='word_1_112' title='bbox 2999 1650 3268 1735; x_wconf 88' lang='lat' dir='ltr'>quidem</span> 
     </span>
     <span class='ocr_line' id='line_1_14' title="bbox 538 1756 3266 1840; baseline -0 -19"><span class='ocrx_word' id='word_1_113' title='bbox 538 1756 731 1821; x_wconf 89' lang='lat' dir='ltr'>rebus</span> <span class='ocrx_word' id='word_1_114' title='bbox 798 1756 1098 1840; x_wconf 84' lang='lat' dir='ltr'>dialogus</span> <span class='ocrx_word' id='word_1_115' title='bbox 1166 1758 1363 1821; x_wconf 90' lang='lat' dir='ltr'>etiam</span> <span class='ocrx_word' id='word_1_116' title='bbox 1431 1778 1577 1821; x_wconf 89' lang='lat' dir='ltr'>cum</span> <span class='ocrx_word' id='word_1_117' title='bbox 1641 1757 1827 1822; x_wconf 88' lang='lat' dir='ltr'>libris</span> <span class='ocrx_word' id='word_1_118' title='bbox 1883 1758 2248 1822; x_wconf 86' lang='lat' dir='ltr'>Platonicis</span> <span class='ocrx_word' id='word_1_119' title='bbox 2314 1760 2526 1840; x_wconf 89' lang='lat' dir='ltr'>prima</span> <span class='ocrx_word' id='word_1_120' title='bbox 2589 1765 2805 1822; x_wconf 89' lang='lat' dir='ltr'>aetate</span> <span class='ocrx_word' id='word_1_121' title='bbox 2873 1760 3266 1840; x_wconf 80' lang='lat' dir='ltr'>conscriptis</span> 
     </span>
     <span class='ocr_line' id='line_1_15' title="bbox 539 1863 3269 1949; baseline 0 -22"><span class='ocrx_word' id='word_1_122' title='bbox 539 1864 855 1941; x_wconf 89' lang='lat' dir='ltr'>concinit;</span> <span class='ocrx_word' id='word_1_123' title='bbox 924 1864 1041 1927; x_wconf 89' lang='lat' dir='ltr'>sed</span> <span class='ocrx_word' id='word_1_124' title='bbox 1108 1886 1188 1927; x_wconf 85' lang='lat' dir='ltr'>ex</span> <span class='ocrx_word' id='word_1_125' title='bbox 1254 1863 1399 1929; x_wconf 90' lang='lat' dir='ltr'>aliis</span> <span class='ocrx_word' id='word_1_126' title='bbox 1458 1865 1799 1947; x_wconf 87' lang='lat' dir='ltr'>particulis</span> <span class='ocrx_word' id='word_1_127' title='bbox 1847 1872 1915 1929; x_wconf 90' lang='lat' dir='ltr'>et</span> <span class='ocrx_word' id='word_1_128' title='bbox 1968 1866 2598 1949; x_wconf 84' lang='lat' dir='ltr'>interrogationibus</span> <span class='ocrx_word' id='word_1_129' title='bbox 2645 1864 2999 1931; x_wconf 89' lang='lat' dir='ltr'>manifesto</span> <span class='ocrx_word' id='word_1_130' title='bbox 3049 1864 3269 1928; x_wconf 85' lang='lat' dir='ltr'>elucet-</span> 
     </span>
     <span class='ocr_line' id='line_1_16' title="bbox 539 1970 3264 2056; baseline -0.001 -21"><span class='ocrx_word' id='word_1_131' title='bbox 539 1970 891 2053; x_wconf 88' lang='lat' dir='ltr'>dialogum,</span> <span class='ocrx_word' id='word_1_132' title='bbox 946 1972 1000 2034; x_wconf 88' lang='lat' dir='ltr'>si</span> <span class='ocrx_word' id='word_1_133' title='bbox 1048 1971 1351 2037; x_wconf 90' lang='lat' dir='ltr'>Platonis</span> <span class='ocrx_word' id='word_1_134' title='bbox 1388 1980 1507 2051; x_wconf 89' lang='lat' dir='ltr'>est,</span> <span class='ocrx_word' id='word_1_135' title='bbox 1549 1980 1723 2036; x_wconf 90' lang='lat' dir='ltr'>certe</span> <span class='ocrx_word' id='word_1_136' title='bbox 1764 1972 1851 2037; x_wconf 90' lang='lat' dir='ltr'>ad</span> <span class='ocrx_word' id='word_1_137' title='bbox 1888 1973 2318 2056; x_wconf 86' lang='lat' dir='ltr'>posteriorem</span> <span class='ocrx_word' id='word_1_138' title='bbox 2359 1974 2685 2055; x_wconf 87' lang='lat' dir='ltr'>pertinere</span> <span class='ocrx_word' id='word_1_139' title='bbox 2725 1979 3024 2037; x_wconf 88' lang='lat' dir='ltr'>aetatem.</span> <span class='ocrx_word' id='word_1_140' title='bbox 3073 1970 3264 2055; x_wconf 81' lang='lat' dir='ltr'>Quae</span> 
     </span>
     <span class='ocr_line' id='line_1_17' title="bbox 537 2077 3265 2162; baseline -0.001 -21"><span class='ocrx_word' id='word_1_141' title='bbox 537 2100 683 2141; x_wconf 92' lang='lat' dir='ltr'>cum</span> <span class='ocrx_word' id='word_1_142' title='bbox 747 2080 840 2142; x_wconf 90' lang='lat' dir='ltr'>ita</span> <span class='ocrx_word' id='word_1_143' title='bbox 905 2080 1056 2156; x_wconf 91' lang='lat' dir='ltr'>sint,</span> <span class='ocrx_word' id='word_1_144' title='bbox 1129 2080 1264 2143; x_wconf 91' lang='lat' dir='ltr'>iam</span> <span class='ocrx_word' id='word_1_145' title='bbox 1327 2101 1493 2161; x_wconf 91' lang='lat' dir='ltr'>quae</span> <span class='ocrx_word' id='word_1_146' title='bbox 1550 2080 1743 2143; x_wconf 91' lang='lat' dir='ltr'>nobis</span> <span class='ocrx_word' id='word_1_147' title='bbox 1793 2082 2273 2162; x_wconf 75' lang='lat' dir='ltr'>proposuimuS,</span> <span class='ocrx_word' id='word_1_148' title='bbox 2333 2079 2628 2144; x_wconf 86' lang='lat' dir='ltr'>adsecuti</span> <span class='ocrx_word' id='word_1_149' title='bbox 2677 2100 2918 2143; x_wconf 78' lang='lat' dir='ltr'>sumna.</span> <span class='ocrx_word' id='word_1_150' title='bbox 3011 2077 3265 2145; x_wconf 81' lang='lat' dir='ltr'>Omnes</span> 
     </span>
     <span class='ocr_line' id='line_1_18' title="bbox 536 2184 3264 2271; baseline 0.001 -24"><span class='ocrx_word' id='word_1_151' title='bbox 536 2186 710 2249; x_wconf 88' lang='lat' dir='ltr'>enim</span> <span class='ocrx_word' id='word_1_152' title='bbox 758 2186 896 2263; x_wconf 81' lang='lat' dir='ltr'>viri,</span> <span class='ocrx_word' id='word_1_153' title='bbox 948 2188 1059 2269; x_wconf 88' lang='lat' dir='ltr'>qui</span> <span class='ocrx_word' id='word_1_154' title='bbox 1112 2184 1525 2251; x_wconf 88' lang='lat' dir='ltr'>Alcibiadem</span> <span class='ocrx_word' id='word_1_155' title='bbox 1572 2186 1909 2271; x_wconf 87' lang='lat' dir='ltr'>dialogum</span> <span class='ocrx_word' id='word_1_156' title='bbox 1955 2186 2257 2251; x_wconf 89' lang='lat' dir='ltr'>Platonis</span> <span class='ocrx_word' id='word_1_157' title='bbox 2305 2188 2662 2269; x_wconf 88' lang='lat' dir='ltr'>genuinum</span> <span class='ocrx_word' id='word_1_158' title='bbox 2711 2206 2852 2252; x_wconf 87' lang='lat' dir='ltr'>esse</span> <span class='ocrx_word' id='word_1_159' title='bbox 2893 2184 3264 2263; x_wconf 83' lang='lat' dir='ltr'>voluerunt,</span> 
     </span>
     <span class='ocr_line' id='line_1_19' title="bbox 532 2291 3263 2377; baseline 0 -23"><span class='ocrx_word' id='word_1_160' title='bbox 532 2293 745 2374; x_wconf 89' lang='lat' dir='ltr'>prima</span> <span class='ocrx_word' id='word_1_161' title='bbox 808 2298 1023 2356; x_wconf 89' lang='lat' dir='ltr'>aetate</span> <span class='ocrx_word' id='word_1_162' title='bbox 1080 2314 1227 2356; x_wconf 90' lang='lat' dir='ltr'>eum</span> <span class='ocrx_word' id='word_1_163' title='bbox 1288 2295 1728 2377; x_wconf 88' lang='lat' dir='ltr'>conscriptum</span> <span class='ocrx_word' id='word_1_164' title='bbox 1775 2316 1919 2357; x_wconf 88' lang='lat' dir='ltr'>esse</span> <span class='ocrx_word' id='word_1_165' title='bbox 1969 2295 2418 2373; x_wconf 82' lang='lat' dir='ltr'>consentiunt3</span> <span class='ocrx_word' id='word_1_166' title='bbox 2485 2314 2677 2357; x_wconf 92' lang='lat' dir='ltr'>nemo</span> <span class='ocrx_word' id='word_1_167' title='bbox 2727 2292 2940 2357; x_wconf 89' lang='lat' dir='ltr'>adhuc</span> <span class='ocrx_word' id='word_1_168' title='bbox 2987 2291 3263 2370; x_wconf 86' lang='lat' dir='ltr'>exstitit,</span> 
     </span>
     <span class='ocr_line' id='line_1_20' title="bbox 533 2399 3264 2482; baseline 0.001 -22"><span class='ocrx_word' id='word_1_169' title='bbox 533 2400 645 2480; x_wconf 87' lang='lat' dir='ltr'>qui</span> <span class='ocrx_word' id='word_1_170' title='bbox 674 2400 1021 2481; x_wconf 88' lang='lat' dir='ltr'>posteriori</span> <span class='ocrx_word' id='word_1_171' title='bbox 1052 2401 1250 2464; x_wconf 89' lang='lat' dir='ltr'>aetati</span> <span class='ocrx_word' id='word_1_172' title='bbox 1280 2399 1697 2465; x_wconf 88' lang='lat' dir='ltr'>Alcibiadem</span> <span class='ocrx_word' id='word_1_173' title='bbox 1728 2401 2142 2465; x_wconf 89' lang='lat' dir='ltr'>adscriberet.</span> <span class='ocrx_word' id='word_1_174' title='bbox 2185 2400 2352 2467; x_wconf 85' lang='lat' dir='ltr'>Cum</span> <span class='ocrx_word' id='word_1_175' title='bbox 2382 2422 2533 2464; x_wconf 87' lang='lat' dir='ltr'>vero</span> <span class='ocrx_word' id='word_1_176' title='bbox 2564 2399 2924 2482; x_wconf 88' lang='lat' dir='ltr'>particulae</span> <span class='ocrx_word' id='word_1_177' title='bbox 2956 2406 3024 2463; x_wconf 90' lang='lat' dir='ltr'>et</span> <span class='ocrx_word' id='word_1_178' title='bbox 3056 2400 3264 2463; x_wconf 86' lang='lat' dir='ltr'>inter-</span> 
     </span>
     <span class='ocr_line' id='line_1_21' title="bbox 532 2506 3263 2591; baseline 0.001 -23"><span class='ocrx_word' id='word_1_179' title='bbox 532 2507 907 2588; x_wconf 87' lang='lat' dir='ltr'>rogationes</span> <span class='ocrx_word' id='word_1_180' title='bbox 958 2506 1280 2589; x_wconf 89' lang='lat' dir='ltr'>quaedam</span> <span class='ocrx_word' id='word_1_181' title='bbox 1328 2507 1784 2585; x_wconf 88' lang='lat' dir='ltr'>adhibeantur,</span> <span class='ocrx_word' id='word_1_182' title='bbox 1855 2529 2023 2591; x_wconf 90' lang='lat' dir='ltr'>quae</span> <span class='ocrx_word' id='word_1_183' title='bbox 2080 2510 2150 2572; x_wconf 90' lang='lat' dir='ltr'>in</span> <span class='ocrx_word' id='word_1_184' title='bbox 2196 2508 2445 2590; x_wconf 87' lang='lat' dir='ltr'>primae</span> <span class='ocrx_word' id='word_1_185' title='bbox 2505 2508 2745 2571; x_wconf 88' lang='lat' dir='ltr'>aetatis</span> <span class='ocrx_word' id='word_1_186' title='bbox 2795 2506 3072 2589; x_wconf 88' lang='lat' dir='ltr'>dialogis</span> <span class='ocrx_word' id='word_1_187' title='bbox 3121 2528 3263 2571; x_wconf 92' lang='grc'>11011</span> 
     </span>
     <span class='ocr_line' id='line_1_22' title="bbox 530 2612 3264 2697; baseline -0 -21"><span class='ocrx_word' id='word_1_188' title='bbox 530 2612 855 2695; x_wconf 88' lang='lat' dir='ltr'>leguntur,</span> <span class='ocrx_word' id='word_1_189' title='bbox 926 2615 1222 2695; x_wconf 86' lang='lat' dir='ltr'>quaestio</span> <span class='ocrx_word' id='word_1_190' title='bbox 1290 2615 1421 2678; x_wconf 90' lang='lat' dir='ltr'>iam</span> <span class='ocrx_word' id='word_1_191' title='bbox 1487 2614 1573 2678; x_wconf 91' lang='lat' dir='ltr'>ad</span> <span class='ocrx_word' id='word_1_192' title='bbox 1636 2614 1834 2678; x_wconf 87' lang='lat' dir='ltr'>finem</span> <span class='ocrx_word' id='word_1_193' title='bbox 1899 2615 2218 2697; x_wconf 89' lang='lat' dir='ltr'>perducta</span> <span class='ocrx_word' id='word_1_194' title='bbox 2282 2621 2411 2677; x_wconf 91' lang='lat' dir='ltr'>est:</span> <span class='ocrx_word' id='word_1_195' title='bbox 2481 2636 2560 2677; x_wconf 84' lang='lat' dir='ltr'>ex</span> <span class='ocrx_word' id='word_1_196' title='bbox 2618 2614 2950 2677; x_wconf 89' lang='lat' dir='ltr'>sententia</span> <span class='ocrx_word' id='word_1_197' title='bbox 2995 2612 3264 2677; x_wconf 89' lang='lat' dir='ltr'>illorum</span> 
     </span>
     <span class='ocr_line' id='line_1_23' title="bbox 530 2720 3253 2803; baseline 0 -20"><span class='ocrx_word' id='word_1_198' title='bbox 530 2720 835 2797; x_wconf 81' lang='lat' dir='ltr'>virorum,</span> <span class='ocrx_word' id='word_1_199' title='bbox 904 2722 1015 2803; x_wconf 90' lang='lat' dir='ltr'>qui</span> <span class='ocrx_word' id='word_1_200' title='bbox 1084 2728 1541 2803; x_wconf 87' lang='lat' dir='ltr'>argumentum</span> <span class='ocrx_word' id='word_1_201' title='bbox 1598 2722 1875 2785; x_wconf 86' lang='lat' dir='ltr'>maxime</span> <span class='ocrx_word' id='word_1_202' title='bbox 1933 2722 2340 2803; x_wconf 85' lang='lat' dir='ltr'>spectabant,</span> <span class='ocrx_word' id='word_1_203' title='bbox 2413 2720 2793 2785; x_wconf 88' lang='lat' dir='ltr'>Alcibiades</span> <span class='ocrx_word' id='word_1_204' title='bbox 2841 2720 2928 2784; x_wconf 89' lang='lat' dir='ltr'>ad</span> <span class='ocrx_word' id='word_1_205' title='bbox 2975 2720 3253 2802; x_wconf 86' lang='lat' dir='ltr'>primam</span> 
     </span>
     <span class='ocr_line' id='line_1_24' title="bbox 532 2826 3250 2911; baseline 0 -21"><span class='ocrx_word' id='word_1_206' title='bbox 532 2834 813 2891; x_wconf 88' lang='lat' dir='ltr'>aetatem</span> <span class='ocrx_word' id='word_1_207' title='bbox 879 2826 1265 2891; x_wconf 86' lang='lat' dir='ltr'>referendus</span> <span class='ocrx_word' id='word_1_208' title='bbox 1330 2835 1448 2907; x_wconf 90' lang='lat' dir='ltr'>est,</span> <span class='ocrx_word' id='word_1_209' title='bbox 1516 2835 1786 2911; x_wconf 90' lang='lat' dir='ltr'>propter</span> <span class='ocrx_word' id='word_1_210' title='bbox 1850 2828 1965 2893; x_wconf 90' lang='lat' dir='ltr'>illa</span> <span class='ocrx_word' id='word_1_211' title='bbox 2034 2830 2354 2893; x_wconf 88' lang='lat' dir='ltr'>sermonis</span> <span class='ocrx_word' id='word_1_212' title='bbox 2420 2829 2664 2893; x_wconf 89' lang='lat' dir='ltr'>indicia</span> <span class='ocrx_word' id='word_1_213' title='bbox 2729 2828 2976 2911; x_wconf 88' lang='lat' dir='ltr'>primae</span> <span class='ocrx_word' id='word_1_214' title='bbox 3046 2830 3250 2891; x_wconf 85' lang='lat' dir='ltr'>aetati</span> 
     </span>
     <span class='ocr_line' id='line_1_25' title="bbox 530 2934 3249 3019; baseline -0.001 -20"><span class='ocrx_word' id='word_1_215' title='bbox 530 2934 727 2999; x_wconf 91' lang='lat' dir='ltr'>tribui</span> <span class='ocrx_word' id='word_1_216' title='bbox 776 2956 910 2999; x_wconf 91' lang='lat' dir='ltr'>non</span> <span class='ocrx_word' id='word_1_217' title='bbox 958 2941 1203 3017; x_wconf 88' lang='lat' dir='ltr'>potest:</span> <span class='ocrx_word' id='word_1_218' title='bbox 1272 2942 1497 3014; x_wconf 88' lang='lat' dir='ltr'>restat,</span> <span class='ocrx_word' id='word_1_219' title='bbox 1557 2942 1629 3000; x_wconf 90' lang='lat' dir='ltr'>ut</span> <span class='ocrx_word' id='word_1_220' title='bbox 1674 2958 1713 2999; x_wconf 89' lang='lat' dir='ltr'>a</span> <span class='ocrx_word' id='word_1_221' title='bbox 1759 2936 2042 3000; x_wconf 90' lang='lat' dir='ltr'>Platone</span> <span class='ocrx_word' id='word_1_222' title='bbox 2090 2936 2345 3000; x_wconf 88' lang='lat' dir='ltr'>alienus</span> <span class='ocrx_word' id='word_1_223' title='bbox 2393 2938 2495 2999; x_wconf 91' lang='lat' dir='ltr'>sit.</span> <span class='ocrx_word' id='word_1_224' title='bbox 2591 2934 2804 3019; x_wconf 79' lang='lat' dir='ltr'>Quam</span> <span class='ocrx_word' id='word_1_225' title='bbox 2852 2936 3249 2999; x_wconf 86' lang='lat' dir='ltr'>sententiam</span> 
     </span>
     <span class='ocr_line' id='line_1_26' title="bbox 530 3041 3248 3125; baseline -0.001 -21"><span class='ocrx_word' id='word_1_226' title='bbox 530 3043 727 3105; x_wconf 90' lang='lat' dir='ltr'>etiam</span> <span class='ocrx_word' id='word_1_227' title='bbox 796 3064 873 3105; x_wconf 84' lang='lat' dir='ltr'>ea</span> <span class='ocrx_word' id='word_1_228' title='bbox 939 3042 1348 3121; x_wconf 89' lang='lat' dir='ltr'>confirmant,</span> <span class='ocrx_word' id='word_1_229' title='bbox 1417 3064 1583 3125; x_wconf 91' lang='lat' dir='ltr'>quae</span> <span class='ocrx_word' id='word_1_230' title='bbox 1650 3064 1849 3125; x_wconf 89' lang='lat' dir='ltr'>supra</span> <span class='ocrx_word' id='word_1_231' title='bbox 1907 3065 1946 3108; x_wconf 88' lang='lat' dir='ltr'>a</span> <span class='ocrx_word' id='word_1_232' title='bbox 2000 3041 2302 3107; x_wconf 87' lang='lat' dir='ltr'>Platonis</span> <span class='ocrx_word' id='word_1_233' title='bbox 2366 3042 2838 3107; x_wconf 88' lang='lat' dir='ltr'>cousuetudine</span> <span class='ocrx_word' id='word_1_234' title='bbox 2896 3041 3248 3107; x_wconf 84' lang='lat' dir='ltr'>abhorrere</span> 
     </span>
     <span class='ocr_line' id='line_1_27' title="bbox 530 3149 855 3213; baseline -0.006 0"><span class='ocrx_word' id='word_1_235' title='bbox 530 3149 855 3213; x_wconf 80' lang='lat' dir='ltr'>diximus.l</span> 
     </span>
    </p>
   </div>
   <div class='ocr_carea' id='block_1_3' title="bbox 520 3393 3248 4801">
    <p class='ocr_par' dir='ltr' id='par_1_4' title="bbox 520 3393 3248 4801">
     <span class='ocr_line' id='line_1_28' title="bbox 744 3393 3248 3464; baseline -0 -16"><span class='ocrx_word' id='word_1_236' title='bbox 744 3393 763 3428; x_wconf 81' lang='lat'><em>²</em></span> <span class='ocrx_word' id='word_1_237' title='bbox 800 3394 1030 3448; x_wconf 79' lang='lat' dir='ltr'>Praeter</span> <span class='ocrx_word' id='word_1_238' title='bbox 1068 3396 1419 3462; x_wconf 80' lang='lat' dir='ltr'>quaestiones</span> <span class='ocrx_word' id='word_1_239' title='bbox 1456 3396 1655 3448; x_wconf 91' lang='lat' dir='ltr'>horum</span> <span class='ocrx_word' id='word_1_240' title='bbox 1694 3398 1940 3448; x_wconf 85' lang='lat' dir='ltr'>virorum</span> <span class='ocrx_word' id='word_1_241' title='bbox 1970 3396 2264 3449; x_wconf 83' lang='lat' dir='ltr'>doctorum</span> <span class='ocrx_word' id='word_1_242' title='bbox 2295 3398 2464 3449; x_wconf 86' lang='lat' dir='ltr'>etiam</span> <span class='ocrx_word' id='word_1_243' title='bbox 2495 3396 2634 3449; x_wconf 86' lang='lat' dir='ltr'>alias</span> <span class='ocrx_word' id='word_1_244' title='bbox 2663 3396 2731 3448; x_wconf 86' lang='lat' dir='ltr'>de</span> <span class='ocrx_word' id='word_1_245' title='bbox 2762 3395 3050 3464; x_wconf 85' lang='lat' dir='ltr'>particulis</span> <span class='ocrx_word' id='word_1_246' title='bbox 3081 3414 3248 3463; x_wconf 83' lang='lat' dir='ltr'>quae-</span> 
     </span>
     <span class='ocr_line' id='line_1_29' title="bbox 526 3484 3246 3553; baseline -0 -16"><span class='ocrx_word' id='word_1_247' title='bbox 526 3488 739 3537; x_wconf 84' lang='lat' dir='ltr'>stiones</span> <span class='ocrx_word' id='word_1_248' title='bbox 778 3484 1157 3551; x_wconf 81' lang='lat' dir='ltr'>adhibuimus3</span> <span class='ocrx_word' id='word_1_249' title='bbox 1199 3484 1293 3535; x_wconf 88' lang='lat' dir='ltr'>sed</span> <span class='ocrx_word' id='word_1_250' title='bbox 1334 3502 1458 3537; x_wconf 87' lang='lat' dir='ltr'>cum</span> <span class='ocrx_word' id='word_1_251' title='bbox 1499 3485 1629 3537; x_wconf 89' lang='lat' dir='ltr'>inde</span> <span class='ocrx_word' id='word_1_252' title='bbox 1659 3485 1801 3537; x_wconf 90' lang='lat' dir='ltr'>nihil</span> <span class='ocrx_word' id='word_1_253' title='bbox 1830 3485 1944 3537; x_wconf 85' lang='lat' dir='ltr'>fere</span> <span class='ocrx_word' id='word_1_254' title='bbox 1973 3487 2106 3539; x_wconf 81' lang='lat' dir='ltr'>novi</span> <span class='ocrx_word' id='word_1_255' title='bbox 2135 3485 2430 3551; x_wconf 87' lang='lat' dir='ltr'>efficiatur,</span> <span class='ocrx_word' id='word_1_256' title='bbox 2467 3485 2572 3539; x_wconf 84' lang='lat' dir='ltr'>hoc</span> <span class='ocrx_word' id='word_1_257' title='bbox 2605 3484 2728 3539; x_wconf 88' lang='lat' dir='ltr'>loco</span> <span class='ocrx_word' id='word_1_258' title='bbox 2757 3486 3246 3553; x_wconf 75' lang='lat' dir='ltr'>praetermisimus.</span> 
     </span>
     <span class='ocr_line' id='line_1_30' title="bbox 528 3573 3246 3643; baseline -0.001 -16"><span class='ocrx_word' id='word_1_259' title='bbox 528 3575 620 3627; x_wconf 87' lang='lat' dir='ltr'>Ad</span> <span class='ocrx_word' id='word_1_260' title='bbox 660 3574 803 3626; x_wconf 84' lang='lat' dir='ltr'>hanc</span> <span class='ocrx_word' id='word_1_261' title='bbox 841 3574 909 3626; x_wconf 90' lang='grc'>(10</span> <span class='ocrx_word' id='word_1_262' title='bbox 950 3590 1052 3627; x_wconf 89' lang='lat' dir='ltr'>usu</span> <span class='ocrx_word' id='word_1_263' title='bbox 1090 3573 1353 3641; x_wconf 89' lang='lat' dir='ltr'>loquendi</span> <span class='ocrx_word' id='word_1_264' title='bbox 1388 3576 1769 3640; x_wconf 86' lang='lat' dir='ltr'>quaestionem</span> <span class='ocrx_word' id='word_1_265' title='bbox 1799 3574 2086 3643; x_wconf 90' lang='lat' dir='ltr'>paululum</span> <span class='ocrx_word' id='word_1_266' title='bbox 2119 3574 2588 3627; x_wconf 84' lang='lat' dir='ltr'>adnotaverimus.</span> <span class='ocrx_word' id='word_1_267' title='bbox 2629 3573 2832 3627; x_wconf 85' lang='lat' dir='ltr'>Adhuc</span> <span class='ocrx_word' id='word_1_268' title='bbox 2861 3575 3008 3627; x_wconf 89' lang='lat' dir='ltr'>enim</span> <span class='ocrx_word' id='word_1_269' title='bbox 3037 3591 3246 3639; x_wconf 73' lang='lat' dir='ltr'>omnes,</span> 
     </span>
     <span class='ocr_line' id='line_1_31' title="bbox 524 3661 3244 3732; baseline -0.001 -17"><span class='ocrx_word' id='word_1_270' title='bbox 524 3665 620 3732; x_wconf 86' lang='lat' dir='ltr'>qui</span> <span class='ocrx_word' id='word_1_271' title='bbox 668 3663 795 3715; x_wconf 87' lang='lat' dir='ltr'>huic</span> <span class='ocrx_word' id='word_1_272' title='bbox 842 3664 921 3715; x_wconf 85' lang='lat' dir='ltr'>rei</span> <span class='ocrx_word' id='word_1_273' title='bbox 970 3661 1179 3714; x_wconf 88' lang='lat' dir='ltr'>dabant</span> <span class='ocrx_word' id='word_1_274' title='bbox 1239 3678 1482 3729; x_wconf 81' lang='lat' dir='ltr'>operam,</span> <span class='ocrx_word' id='word_1_275' title='bbox 1539 3680 1800 3715; x_wconf 87' lang='lat' dir='ltr'>numeros</span> <span class='ocrx_word' id='word_1_276' title='bbox 1856 3665 2260 3731; x_wconf 83' lang='lat' dir='ltr'>particularum</span> <span class='ocrx_word' id='word_1_277' title='bbox 2319 3664 2632 3717; x_wconf 86' lang='lat' dir='ltr'>attulerunt</span> <span class='ocrx_word' id='word_1_278' title='bbox 2688 3662 2945 3731; x_wconf 83' lang='lat' dir='ltr'>neglecto</span> <span class='ocrx_word' id='word_1_279' title='bbox 3001 3664 3244 3717; x_wconf 77' lang='lat' dir='ltr'>maxime</span> 
     </span>
     <span class='ocr_line' id='line_1_32' title="bbox 526 3751 3244 3821; baseline -0.001 -16"><span class='ocrx_word' id='word_1_280' title='bbox 526 3754 809 3807; x_wconf 85' lang='lat' dir='ltr'>variorum</span> <span class='ocrx_word' id='word_1_281' title='bbox 846 3751 1199 3819; x_wconf 75' lang='lat' dir='ltr'>dialogorum</span> <span class='ocrx_word' id='word_1_282' title='bbox 1238 3752 1393 3803; x_wconf 85' lang='lat' dir='ltr'>vario</span> <span class='ocrx_word' id='word_1_283' title='bbox 1432 3768 1651 3819; x_wconf 80' lang='lat' dir='ltr'>genere,</span> <span class='ocrx_word' id='word_1_284' title='bbox 1689 3752 1960 3820; x_wconf 86' lang='lat' dir='ltr'>neglectis</span> <span class='ocrx_word' id='word_1_285' title='bbox 1999 3754 2266 3820; x_wconf 86' lang='lat' dir='ltr'>personis.</span> <span class='ocrx_word' id='word_1_286' title='bbox 2323 3752 2439 3805; x_wconf 87' lang='lat' dir='ltr'>Nos</span> <span class='ocrx_word' id='word_1_287' title='bbox 2479 3752 2702 3821; x_wconf 89' lang='lat' dir='ltr'>quidem</span> <span class='ocrx_word' id='word_1_288' title='bbox 2740 3751 3094 3820; x_wconf 82' lang='lat' dir='ltr'>dialogorum</span> <span class='ocrx_word' id='word_1_289' title='bbox 3135 3769 3244 3803; x_wconf 88' lang='lat' dir='ltr'>ser-</span> 
     </span>
     <span class='ocr_line' id='line_1_33' title="bbox 524 3838 3243 3909; baseline -0.001 -15"><span class='ocrx_word' id='word_1_290' title='bbox 524 3858 745 3895; x_wconf 87' lang='lat' dir='ltr'>monem</span> <span class='ocrx_word' id='word_1_291' title='bbox 782 3842 953 3893; x_wconf 88' lang='lat' dir='ltr'>etiam</span> <span class='ocrx_word' id='word_1_292' title='bbox 1002 3840 1107 3892; x_wconf 87' lang='lat' dir='ltr'>hoc</span> <span class='ocrx_word' id='word_1_293' title='bbox 1155 3838 1323 3892; x_wconf 84' lang='lat' dir='ltr'>modo</span> <span class='ocrx_word' id='word_1_294' title='bbox 1373 3840 1782 3892; x_wconf 81' lang='lat' dir='ltr'>observandum</span> <span class='ocrx_word' id='word_1_295' title='bbox 1826 3846 1992 3909; x_wconf 85' lang='lat' dir='ltr'>atque</span> <span class='ocrx_word' id='word_1_296' title='bbox 2031 3842 2424 3909; x_wconf 87' lang='lat' dir='ltr'>inquirendum</span> <span class='ocrx_word' id='word_1_297' title='bbox 2464 3859 2580 3893; x_wconf 83' lang='lat' dir='ltr'>esse</span> <span class='ocrx_word' id='word_1_298' title='bbox 2619 3858 2922 3907; x_wconf 87' lang='lat' dir='ltr'>censemus,</span> <span class='ocrx_word' id='word_1_299' title='bbox 2962 3839 3243 3909; x_wconf 82' lang='lat' dir='ltr'>quomodo</span> 
     </span>
     <span class='ocr_line' id='line_1_34' title="bbox 524 3928 3245 4000; baseline 0 -19"><span class='ocrx_word' id='word_1_300' title='bbox 524 3930 790 3983; x_wconf 78' lang='lat' dir='ltr'>eaedem</span> <span class='ocrx_word' id='word_1_301' title='bbox 820 3946 1087 3999; x_wconf 87' lang='lat' dir='ltr'>personae</span> <span class='ocrx_word' id='word_1_302' title='bbox 1118 3930 1175 3982; x_wconf 90' lang='lat' dir='ltr'>in</span> <span class='ocrx_word' id='word_1_303' title='bbox 1208 3929 1415 3981; x_wconf 81' lang='lat' dir='ltr'>variis</span> <span class='ocrx_word' id='word_1_304' title='bbox 1446 3928 1688 3998; x_wconf 82' lang='lat' dir='ltr'>dialogis</span> <span class='ocrx_word' id='word_1_305' title='bbox 1719 3931 2131 4000; x_wconf 84' lang='lat' dir='ltr'>interrogantes</span> <span class='ocrx_word' id='word_1_306' title='bbox 2153 3930 2240 3983; x_wconf 78' lang='lat' dir='ltr'>vel</span> <span class='ocrx_word' id='word_1_307' title='bbox 2271 3931 2666 3999; x_wconf 83' lang='lat' dir='ltr'>respondentes</span> <span class='ocrx_word' id='word_1_308' title='bbox 2698 3930 3050 3982; x_wconf 85' lang='lat' dir='ltr'>inducantur.</span> <span class='ocrx_word' id='word_1_309' title='bbox 3083 3930 3245 3981; x_wconf 86' lang='lat' dir='ltr'>Com-</span> 
     </span>
     <span class='ocr_line' id='line_1_35' title="bbox 524 4016 3246 4087; baseline -0 -16"><span class='ocrx_word' id='word_1_310' title='bbox 524 4026 743 4087; x_wconf 87' lang='lat' dir='ltr'>pertum</span> <span class='ocrx_word' id='word_1_311' title='bbox 782 4020 929 4071; x_wconf 88' lang='lat' dir='ltr'>enim</span> <span class='ocrx_word' id='word_1_312' title='bbox 966 4018 1234 4071; x_wconf 87' lang='lat' dir='ltr'>habemus</span> <span class='ocrx_word' id='word_1_313' title='bbox 1273 4016 1567 4071; x_wconf 86' lang='lat' dir='ltr'>Platonem</span> <span class='ocrx_word' id='word_1_314' title='bbox 1608 4018 1918 4087; x_wconf 87' lang='lat' dir='ltr'>Sophronis</span> <span class='ocrx_word' id='word_1_315' title='bbox 1957 4020 2156 4072; x_wconf 87' lang='lat' dir='ltr'>mimos</span> <span class='ocrx_word' id='word_1_316' title='bbox 2194 4022 2436 4073; x_wconf 78' lang='lat' dir='ltr'>maxime</span> <span class='ocrx_word' id='word_1_317' title='bbox 2467 4020 2573 4071; x_wconf 87' lang='lat' dir='ltr'>sibi</span> <span class='ocrx_word' id='word_1_318' title='bbox 2605 4019 2890 4072; x_wconf 84' lang='lat' dir='ltr'>adamasse</span> <span class='ocrx_word' id='word_1_319' title='bbox 2921 4024 3088 4086; x_wconf 88' lang='lat' dir='ltr'>atque</span> <span class='ocrx_word' id='word_1_320' title='bbox 3118 4036 3246 4071; x_wconf 90' lang='lat' dir='ltr'>eum</span> 
     </span>
     <span class='ocr_line' id='line_1_36' title="bbox 524 4106 3243 4178; baseline -0 -17"><span class='ocrx_word' id='word_1_321' title='bbox 524 4108 781 4162; x_wconf 86' lang='lat' dir='ltr'>nonnihil</span> <span class='ocrx_word' id='word_1_322' title='bbox 816 4126 886 4160; x_wconf 84' lang='lat' dir='ltr'>ex</span> <span class='ocrx_word' id='word_1_323' title='bbox 925 4108 992 4161; x_wconf 89' lang='lat' dir='ltr'>iis</span> <span class='ocrx_word' id='word_1_324' title='bbox 1030 4106 1295 4160; x_wconf 84' lang='lat' dir='ltr'>didicisse</span> <span class='ocrx_word' id='word_1_325' title='bbox 1336 4109 1727 4161; x_wconf 84' lang='lat' dir='ltr'>censuerimus.</span> <span class='ocrx_word' id='word_1_326' title='bbox 1805 4108 1946 4161; x_wconf 86' lang='lat' dir='ltr'>Tum</span> <span class='ocrx_word' id='word_1_327' title='bbox 1997 4108 2248 4162; x_wconf 82' lang='lat' dir='ltr'>videmus</span> <span class='ocrx_word' id='word_1_328' title='bbox 2299 4108 2592 4163; x_wconf 82' lang='lat' dir='ltr'>Platonem</span> <span class='ocrx_word' id='word_1_329' title='bbox 2632 4108 2924 4178; x_wconf 84' lang='lat' dir='ltr'>Agathoni</span> <span class='ocrx_word' id='word_1_330' title='bbox 2971 4108 3243 4177; x_wconf 81' lang='lat' dir='ltr'>tragoedo</span> 
     </span>
     <span class='ocr_line' id='line_1_37' title="bbox 524 4196 3243 4265; baseline -0.001 -14"><span class='ocrx_word' id='word_1_331' title='bbox 524 4200 581 4251; x_wconf 89' lang='grc'>111</span> <span class='ocrx_word' id='word_1_332' title='bbox 630 4198 860 4251; x_wconf 80' lang='lat' dir='ltr'>Conviv.</span> <span class='ocrx_word' id='word_1_333' title='bbox 902 4198 1109 4265; x_wconf 87' lang='lat' dir='ltr'>optime</span> <span class='ocrx_word' id='word_1_334' title='bbox 1159 4196 1405 4265; x_wconf 82' lang='lat' dir='ltr'>Gorgiae</span> <span class='ocrx_word' id='word_1_335' title='bbox 1453 4214 1763 4250; x_wconf 88' lang='lat' dir='ltr'>sermonem</span> <span class='ocrx_word' id='word_1_336' title='bbox 1813 4202 2131 4250; x_wconf 79' lang='lat' dir='ltr'>mut-uatum</span> <span class='ocrx_word' id='word_1_337' title='bbox 2178 4216 2296 4251; x_wconf 77' lang='lat' dir='ltr'>csse</span> <span class='ocrx_word' id='word_1_338' title='bbox 2343 4204 2399 4251; x_wconf 89' lang='lat' dir='ltr'>et</span> <span class='ocrx_word' id='word_1_339' title='bbox 2449 4197 2762 4251; x_wconf 88' lang='lat' dir='ltr'>Phaedrum</span> <span class='ocrx_word' id='word_1_340' title='bbox 2811 4214 3002 4249; x_wconf 84' lang='lat' dir='ltr'>verum</span> <span class='ocrx_word' id='word_1_341' title='bbox 3041 4196 3243 4264; x_wconf 76' lang='lat' dir='ltr'>Lysiae</span> 
     </span>
     <span class='ocr_line' id='line_1_38' title="bbox 520 4285 3244 4355; baseline 0 -18"><span class='ocrx_word' id='word_1_342' title='bbox 520 4286 859 4354; x_wconf 85' lang='lat' dir='ltr'>discipulum</span> <span class='ocrx_word' id='word_1_343' title='bbox 908 4286 1209 4339; x_wconf 84' lang='lat' dir='ltr'>induxisse.</span> <span class='ocrx_word' id='word_1_344' title='bbox 1286 4285 1485 4354; x_wconf 86' lang='lat' dir='ltr'>Itaque</span> <span class='ocrx_word' id='word_1_345' title='bbox 1533 4285 1649 4338; x_wconf 85' lang='lat' dir='ltr'>fieri</span> <span class='ocrx_word' id='word_1_346' title='bbox 1702 4304 1862 4355; x_wconf 88' lang='lat' dir='ltr'>posse</span> <span class='ocrx_word' id='word_1_347' title='bbox 1913 4290 2187 4354; x_wconf 84' lang='lat' dir='ltr'>putamus,</span> <span class='ocrx_word' id='word_1_348' title='bbox 2227 4292 2304 4351; x_wconf 87' lang='lat' dir='ltr'>ut,</span> <span class='ocrx_word' id='word_1_349' title='bbox 2347 4305 2456 4355; x_wconf 82' lang='lat' dir='ltr'>qua-</span> <span class='ocrx_word' id='word_1_350' title='bbox 2494 4287 2657 4339; x_wconf 85' lang='lat' dir='ltr'>Plato</span> <span class='ocrx_word' id='word_1_351' title='bbox 2695 4291 2814 4339; x_wconf 83' lang='lat' dir='ltr'>erat</span> <span class='ocrx_word' id='word_1_352' title='bbox 2855 4285 3150 4355; x_wconf 82' lang='lat' dir='ltr'>diligentia</span> <span class='ocrx_word' id='word_1_353' title='bbox 3188 4286 3244 4337; x_wconf 91' lang='lat' dir='ltr'>in</span> 
     </span>
     <span class='ocr_line' id='line_1_39' title="bbox 522 4374 3244 4445; baseline -0.001 -18"><span class='ocrx_word' id='word_1_354' title='bbox 522 4377 941 4443; x_wconf 77' lang='lat' dir='ltr'>compositione,</span> <span class='ocrx_word' id='word_1_355' title='bbox 979 4375 1205 4427; x_wconf 86' lang='lat' dir='ltr'>eaedem</span> <span class='ocrx_word' id='word_1_356' title='bbox 1244 4392 1513 4442; x_wconf 87' lang='lat' dir='ltr'>personae</span> <span class='ocrx_word' id='word_1_357' title='bbox 1544 4376 1602 4428; x_wconf 91' lang='lat' dir='ltr'>in</span> <span class='ocrx_word' id='word_1_358' title='bbox 1630 4377 1804 4429; x_wconf 84' lang='lat' dir='ltr'>variis</span> <span class='ocrx_word' id='word_1_359' title='bbox 1834 4375 2076 4445; x_wconf 81' lang='lat' dir='ltr'>dialogis</span> <span class='ocrx_word' id='word_1_360' title='bbox 2106 4376 2304 4429; x_wconf 84' lang='lat' dir='ltr'>iisdem</span> <span class='ocrx_word' id='word_1_361' title='bbox 2335 4377 2584 4429; x_wconf 89' lang='lat' dir='ltr'>moribus</span> <span class='ocrx_word' id='word_1_362' title='bbox 2613 4374 2856 4443; x_wconf 86' lang='lat' dir='ltr'>praediti</span> <span class='ocrx_word' id='word_1_363' title='bbox 2885 4375 2995 4427; x_wconf 86' lang='lat' dir='ltr'>sint</span> <span class='ocrx_word' id='word_1_364' title='bbox 3023 4374 3244 4427; x_wconf 90' lang='lat' dir='ltr'>eodem-</span> 
     </span>
     <span class='ocr_line' id='line_1_40' title="bbox 522 4462 3244 4533; baseline -0 -17"><span class='ocrx_word' id='word_1_365' title='bbox 522 4482 629 4532; x_wconf 87' lang='lat' dir='ltr'>que</span> <span class='ocrx_word' id='word_1_366' title='bbox 668 4481 917 4517; x_wconf 85' lang='lat' dir='ltr'>sermone</span> <span class='ocrx_word' id='word_1_367' title='bbox 958 4465 1261 4532; x_wconf 85' lang='lat' dir='ltr'>loquantur</span> <span class='ocrx_word' id='word_1_368' title='bbox 1301 4468 1362 4517; x_wconf 91' lang='lat' dir='ltr'>ut</span> <span class='ocrx_word' id='word_1_369' title='bbox 1400 4464 1639 4533; x_wconf 85' lang='lat' dir='ltr'>Hippias</span> <span class='ocrx_word' id='word_1_370' title='bbox 1678 4466 1737 4517; x_wconf 88' lang='lat' dir='ltr'>in</span> <span class='ocrx_word' id='word_1_371' title='bbox 1773 4464 1944 4533; x_wconf 88' lang='lat' dir='ltr'>Hipp.</span> <span class='ocrx_word' id='word_1_372' title='bbox 1975 4467 2108 4517; x_wconf 88' lang='lat' dir='ltr'>min.</span> <span class='ocrx_word' id='word_1_373' title='bbox 2147 4470 2204 4518; x_wconf 87' lang='lat' dir='ltr'>et</span> <span class='ocrx_word' id='word_1_374' title='bbox 2243 4464 2414 4532; x_wconf 68' lang='lat' dir='ltr'>Prot„</span> <span class='ocrx_word' id='word_1_375' title='bbox 2453 4465 2786 4517; x_wconf 84' lang='lat' dir='ltr'>Theaetetus</span> <span class='ocrx_word' id='word_1_376' title='bbox 2825 4464 2881 4516; x_wconf 89' lang='lat' dir='ltr'>in</span> <span class='ocrx_word' id='word_1_377' title='bbox 2921 4462 3147 4516; x_wconf 83' lang='lat' dir='ltr'>Theaet.</span> <span class='ocrx_word' id='word_1_378' title='bbox 3187 4470 3244 4515; x_wconf 86' lang='lat' dir='ltr'>et</span> 
     </span>
     <span class='ocr_line' id='line_1_41' title="bbox 526 4550 3244 4621; baseline -0.001 -15"><span class='ocrx_word' id='word_1_379' title='bbox 526 4552 715 4620; x_wconf 71' lang='lat' dir='ltr'>soph„</span> <span class='ocrx_word' id='word_1_380' title='bbox 754 4553 910 4605; x_wconf 83' lang='lat' dir='ltr'>Crito</span> <span class='ocrx_word' id='word_1_381' title='bbox 950 4554 1007 4605; x_wconf 91' lang='lat' dir='ltr'>in</span> <span class='ocrx_word' id='word_1_382' title='bbox 1046 4553 1185 4605; x_wconf 88' lang='lat' dir='ltr'>Crit.</span> <span class='ocrx_word' id='word_1_383' title='bbox 1215 4559 1273 4606; x_wconf 89' lang='lat' dir='ltr'>et</span> <span class='ocrx_word' id='word_1_384' title='bbox 1308 4552 1576 4621; x_wconf 65' lang='lat' dir='ltr'>Euthyd„</span> <span class='ocrx_word' id='word_1_385' title='bbox 1614 4552 1902 4606; x_wconf 85' lang='lat' dir='ltr'>Phaedrus</span> <span class='ocrx_word' id='word_1_386' title='bbox 1943 4555 2000 4605; x_wconf 88' lang='grc'>111</span> <span class='ocrx_word' id='word_1_387' title='bbox 2039 4553 2275 4607; x_wconf 88' lang='lat' dir='ltr'>Phaedr.</span> <span class='ocrx_word' id='word_1_388' title='bbox 2307 4560 2360 4607; x_wconf 86' lang='lat' dir='ltr'>et</span> <span class='ocrx_word' id='word_1_389' title='bbox 2402 4555 2634 4607; x_wconf 74' lang='lat' dir='ltr'>Conviv.</span> <span class='ocrx_word' id='word_1_390' title='bbox 2663 4558 2770 4605; x_wconf 86' lang='lat' dir='ltr'>etc.</span> <span class='ocrx_word' id='word_1_391' title='bbox 2823 4550 3132 4617; x_wconf 80' lang='lat' dir='ltr'>Nescimus,</span> <span class='ocrx_word' id='word_1_392' title='bbox 3172 4569 3244 4605; x_wconf 85' lang='lat' dir='ltr'>an</span> 
     </span>
     <span class='ocr_line' id='line_1_42' title="bbox 522 4642 3246 4712; baseline 0 -18"><span class='ocrx_word' id='word_1_393' title='bbox 522 4642 773 4695; x_wconf 80' lang='lat' dir='ltr'>futurum</span> <span class='ocrx_word' id='word_1_394' title='bbox 812 4644 899 4707; x_wconf 80' lang='lat' dir='ltr'>sit,</span> <span class='ocrx_word' id='word_1_395' title='bbox 940 4648 999 4693; x_wconf 89' lang='lat' dir='ltr'>ut</span> <span class='ocrx_word' id='word_1_396' title='bbox 1038 4660 1107 4694; x_wconf 86' lang='lat' dir='ltr'>ex</span> <span class='ocrx_word' id='word_1_397' title='bbox 1146 4642 1355 4694; x_wconf 88' lang='lat' dir='ltr'>talibus</span> <span class='ocrx_word' id='word_1_398' title='bbox 1393 4643 1853 4710; x_wconf 87' lang='lat' dir='ltr'>inquisitionibus</span> <span class='ocrx_word' id='word_1_399' title='bbox 1893 4645 2145 4711; x_wconf 86' lang='lat' dir='ltr'>quaestio</span> <span class='ocrx_word' id='word_1_400' title='bbox 2185 4644 2253 4696; x_wconf 84' lang='lat' dir='ltr'>de</span> <span class='ocrx_word' id='word_1_401' title='bbox 2291 4643 2582 4712; x_wconf 86' lang='lat' dir='ltr'>particulis</span> <span class='ocrx_word' id='word_1_402' title='bbox 2619 4648 2673 4694; x_wconf 89' lang='lat' dir='ltr'>et</span> <span class='ocrx_word' id='word_1_403' title='bbox 2714 4642 2780 4694; x_wconf 89' lang='lat' dir='ltr'>de</span> <span class='ocrx_word' id='word_1_404' title='bbox 2829 4659 2932 4694; x_wconf 86' lang='lat' dir='ltr'>usu</span> <span class='ocrx_word' id='word_1_405' title='bbox 2979 4642 3246 4710; x_wconf 89' lang='lat' dir='ltr'>loquendi</span> 
     </span>
     <span class='ocr_line' id='line_1_43' title="bbox 524 4730 1784 4801; baseline 0.001 -19"><span class='ocrx_word' id='word_1_406' title='bbox 524 4730 735 4797; x_wconf 88' lang='lat' dir='ltr'>aliquid</span> <span class='ocrx_word' id='word_1_407' title='bbox 778 4731 1055 4783; x_wconf 77' lang='lat' dir='ltr'>commodi</span> <span class='ocrx_word' id='word_1_408' title='bbox 1098 4732 1283 4799; x_wconf 83' lang='lat' dir='ltr'>capiat</span> <span class='ocrx_word' id='word_1_409' title='bbox 1324 4731 1410 4783; x_wconf 83' lang='lat' dir='ltr'>vel</span> <span class='ocrx_word' id='word_1_410' title='bbox 1452 4733 1784 4801; x_wconf 82' lang='lat' dir='ltr'>corrigatur.</span> 
     </span>
    </p>
   </div>
  </div>
 </body>
</html>
