3567 5109
1481 249 1922 311 -87-

548 457 739 541 Quae
788 456 987 521 verba
1034 462 1129 523 ita
1167 456 1615 541 intellegenda
1652 479 1798 523 esse
1836 465 2020 542 puto,
2067 466 2143 523 ut
2179 460 2355 523 hunc
2393 481 2618 525 omnes
2657 460 3062 545 disciplinas,

337 584 503 647 quas
549 571 690 629 tum
734 568 1064 643 tractavit,
1127 563 1345 630 colore
1397 565 1685 647 quodam
1742 564 2223 649 philosophiae,
2289 571 2400 631 cui
2443 570 2538 631 ita
2587 566 2848 633 deditus
2895 574 3060 647 erat,

336 674 609 735 tinxisse
644 674 1032 737 existimem.
1078 670 1231 754 Qua
1270 692 1422 735 vero
1462 670 1680 736 forma
1718 673 1949 754 scripti
1987 678 2142 737 sunt
2179 671 2279 738 illi
2307 672 2832 757 Disciplinarum
2868 673 3062 739 libri?

549 778 775 862 Atque
842 776 975 843 illis
1042 778 1448 861 temporibus
1514 777 1765 861 dialogi
1821 778 2101 844 formam
2149 779 2528 863 Augustino
2582 785 2859 846 maxime
2917 780 3063 864 pla-

336 889 555 949 cuisse
582 889 849 969 saepius
878 885 1179 949 vidimus.
1230 884 1637 950 Testimonio
1678 889 1852 950 enim
1891 892 2046 951 sunt
2085 908 2232 951 cum
2271 885 2370 953 illi
2410 886 2674 970 dialogi,
2723 909 2888 973 quos
2927 893 3062 953 ruri

332 1012 485 1057 eum
520 996 989 1076 conscripsisse
1029 992 1421 1071 audivimuS,
1462 999 1602 1057 tum
1638 989 2164 1077 Soliloquiorum
2210 992 2363 1059 libri
2403 993 2554 1073 duo,
2594 995 2707 1059 ubi
2747 994 2847 1059 vel
2891 999 3064 1059 inter

336 1104 659 1164 rationem
706 1121 894 1164 suam
941 1106 1008 1163 et
1054 1105 1262 1164 semet
1306 1102 1521 1182 ipsum
1567 1120 1937 1193 sermonem
1983 1103 2289 1165 instituit.
2335 1100 2576 1186 Itaque
2625 1104 2757 1166 iam
2803 1102 2930 1167 hac
2974 1102 3062 1167 ab

337 1207 713 1289 Augustino
780 1207 1095 1271 adamata
1160 1207 1490 1271 scribendi
1544 1211 1801 1272 ratione
1856 1207 2046 1273 nobis
2101 1208 2423 1291 probatur
2477 1214 2808 1274 sententia
2863 1213 3064 1275 etiam

334 1313 503 1392 illos,
524 1335 690 1397 quos
712 1313 1080 1379 Mediolani
1107 1314 1320 1379 11101110
1350 1336 1408 1380 a.
1430 1316 1577 1381 387.
1607 1314 1892 1379 scribere
1925 1322 2251 1399 coeperat,
2280 1315 2806 1399 Disciplinarum
2833 1314 3061 1395 libros,

335 1420 749 1503 dialogorum
796 1421 1077 1487 formam
1120 1422 1453 1486 habuisse.
1500 1420 1636 1486 Sed
1684 1428 1920 1486 testem
1967 1421 2072 1487 vel
2120 1426 2576 1506 gravissimum
2615 1424 2702 1487 ad
2739 1444 2890 1488 eam
2926 1444 3064 1489 rem

334 1527 919 1593 demonstrandam
966 1528 1329 1610 producere
1379 1548 1750 1610 possumus,
1801 1528 2254 1611 Augustinum
2299 1533 2534 1613 ipsum,
2586 1534 2700 1612 qui
2745 1528 2789 1595 l.
2828 1528 2872 1594 1.
2911 1548 3061 1612 pro-

332 1634 584 1699 fitetur:
680 1636 1211 1719 Disciplinamm
1276 1636 1479 1699 libros
1532 1642 1806 1699 conatus
1859 1656 2010 1701 sum
2055 1638 2333 1701 ser-ibere
2377 1638 2407 1700 i
2416 1644 2676 1701 nterro
2682 1658 2876 1721 yans
2921 1660 3061 1719 003,

330 1745 471 1827 qni
516 1764 801 1807 meeum
846 1749 1073 1807 erant
1113 1749 1306 1826 atque
1340 1744 1425 1807 ab
1463 1744 1844 1807 huessusmodet
1878 1744 2118 1807 studiis
2153 1764 2290 1807 non
2325 1745 2778 1809 abhowebcmt.
2840 1742 3062 1827 Quare

332 1870 469 1915 non
516 1848 767 1929 dubito,
817 1853 977 1933 quin
1025 1849 1257 1914 eodem
1304 1870 1573 1932 prorsus
1620 1849 1840 1929 modo,
1892 1870 2022 1933 quo
2072 1870 2296 1914 omnes
2333 1849 2538 1916 libros
2575 1854 2644 1915 in
2681 1849 3060 1916 Cassiciaco

335 1960 617 2039 scripsit,
668 1955 1193 2041 Disciplinarum
1238 1955 1443 2021 libros
1490 1976 1764 2021 exarare
1813 1956 2095 2023 voluerit
2115 1960 2150 2023 ¹.

548 2062 693 2127 Iam
740 2084 892 2127 vero
941 2067 1037 2129 sic
1082 2061 1395 2128 facillime
1453 2061 1769 2147 explicari
1827 2070 2067 2147 potest,
2137 2064 2465 2149 quomodo
2520 2064 2768 2129 factum
2815 2068 2922 2143 sit,
2987 2070 3064 2128 ut

334 2171 771 2253 AugustinuS,
828 2192 979 2235 cum
1026 2170 1108 2235 de
1159 2170 1460 2235 omnibus
1506 2171 1760 2235 artibus
1806 2169 2194 2237 liberalibus
2243 2170 2526 2236 scribere
2573 2175 2918 2253 coepisset,
2976 2190 3058 2235 ne

332 2299 535 2341 unum
582 2278 849 2363 quidem
895 2277 1135 2343 librum
1182 2278 1270 2341 ad
1316 2276 1513 2342 finem
1562 2277 1956 2361 perduceret
1970 2280 2015 2341 ².
2063 2278 2242 2343 Nam
2287 2282 2488 2343 etiam
2533 2282 2602 2342 in
2639 2278 2799 2345 villa
2839 2278 3058 2345 Cassi·-

332 2389 517 2451 ciaca
582 2386 831 2450 eodem
902 2386 1066 2469 fere
1131 2391 1461 2469 tempore
1526 2384 1607 2449 de
1673 2384 2228 2451 Academicorum
2301 2390 2692 2468 praeceptiS,
2771 2384 2850 2449 de
2927 2390 3062 2449 vita

334 2491 553 2570 beata,
604 2492 685 2555 de
735 2491 965 2557 ordine
1011 2490 1421 2573 disputatum
1470 2490 1625 2556 est³.

549 2702 567 2737 ¹
613 2703 791 2773 Quem
837 2704 1067 2756 modum
1112 2704 1229 2772 ipse
1275 2702 1524 2757 Zenobio
1572 2704 1652 2755 310
1700 2703 1992 2757 describit:
2060 2705 2144 2758 De
2181 2704 2302 2758 ord.
2339 2703 2371 2757 I
2409 2706 2468 2758 5:
2525 2704 2615 2757 Ibi
2659 2704 3060 2759 disseoebmnus

332 2791 483 2845 iuter
518 2808 633 2856 noe,
672 2809 1021 2861 meaecunque
1058 2792 1381 2846 videbantur
1418 2792 1603 2855 utilia,
1641 2792 1890 2845 adhibito
1927 2810 2060 2846 sane
2095 2792 2243 2860 stilo,
2292 2811 2395 2863 quo
2433 2798 2630 2846 cuneta
2665 2792 3058 2862 exciperentur,

332 2880 473 2948 quod
499 2878 745 2933 videbam
772 2880 1067 2933 conducere
1093 2880 1398 2934 valetudini
1426 2896 1587 2933 meae.
1635 2880 1771 2935 Cum
1809 2880 1904 2934 eni
1911 2898 1964 2933 m
2003 2882 2271 2935 nonnulla
2307 2882 2561 2951 loquendi
2597 2900 2734 2935 eura
2769 2880 3056 2947 detinerer,

332 2968 493 3021 milla
534 2968 679 3021 inter
720 2968 1123 3037 dismdandum
1168 2969 1439 3039 irrepebat
1494 2969 1858 3023 immoderata
1903 2970 2187 3023 contentio.
2265 2970 2450 3024 Simul
2493 2971 2676 3040 etiam,
2721 2976 2783 3024 ut
2827 2968 2884 3023 si
2924 2969 3059 3039 quid

332 3062 583 3109 nostrum
620 3056 821 3110 litteris
856 3059 1125 3111 mandare
1154 3058 1473 3129 plat-amet,
1519 3074 1616 3111 nee
1660 3058 1826 3112 aliter
1871 3058 2097 3111 dicendi
2137 3060 2437 3113 necessitas
2481 3076 2580 3113 nec
2617 3060 2770 3113 babor
2803 3060 3055 3113 recorda-

334 3145 511 3199 tionis
555 3152 705 3199 esset.
769 3146 923 3216 Quae
962 3146 1133 3200 verba
1176 3152 1294 3201 tam
1342 3152 1537 3216 aperta
1573 3152 1721 3215 sunt,
1758 3152 1823 3200 ut
1859 3148 2008 3201 haud
2047 3152 2260 3201 rectam
2297 3166 2412 3203 0330
2448 3147 2682 3203 Hirzelii
2721 3150 3056 3202 sententiam

330 3240 544 3303 putem,
587 3236 695 3303 qui
735 3235 795 3287 in
830 3235 993 3301 libro,
1050 3236 1139 3289 cui
1186 3236 1383 3289 titulus
1420 3240 1502 3289 est
1538 3236 1677 3289 ‘Der
1716 3236 1947 3305 Dialog'
1996 3235 2082 3304 (Π
2119 3237 2444 3307 376-377),
2482 3238 2560 3291 310
2598 3236 2837 3291 iudicat:
2915 3237 3054 3307 „Die

334 3324 569 3393 Dialoge
608 3322 749 3392 sind,
806 3340 965 3377 wenn
1003 3324 1145 3377 auch
1184 3324 1344 3378 nicht
1381 3322 1653 3395 gersdezu
1688 3322 2010 3393 histor-isch,
2067 3327 2168 3379 wie
2205 3343 2336 3379 man
2373 3327 2620 3395 gemeint
2657 3324 2773 3393 hat,
2811 3344 2870 3381 30
2909 3324 3055 3381 (10011

330 3413 549 3481 typisch
586 3412 703 3465 und
741 3412 922 3466 fassen
957 3414 1078 3467 01110
1114 3410 1293 3467 Reihe
1332 3414 1648 3469 wirklicher
1686 3414 2021 3484 Gespriiche,
2067 3417 2170 3468 wie
2217 3432 2277 3469 er
2325 3416 2402 3469 310
2448 3416 2792 3471 namentlich
2832 3417 2888 3469 in
2928 3417 3056 3469 Cas·-

329 3503 592 3555 siciecum
630 3500 861 3572 gefiihrt
894 3502 1071 3571 hatte,
1108 3520 1175 3555 zu
1213 3504 1433 3573 einigen
1464 3502 1916 3557 Gesamtbildern
1945 3504 2313 3557 zusammen“.
2354 3504 2521 3558 Cuius
2549 3504 2818 3559 indicium
2846 3506 3054 3573 partim

326 3592 617 3659 refutasse,
655 3593 861 3660 partim
901 3593 1203 3646 correxisse
1240 3590 1377 3646 mihi
1416 3593 1641 3648 videtur
1678 3593 1962 3647 Ohlmenn
1997 3595 2035 3648 1.
2073 3594 2110 3647 1.
2147 3612 2201 3662 p.
2231 3592 2264 3647 8
2303 3612 2384 3663 sq.

545 3679 567 3713 ²
600 3679 760 3734 Retr.
787 3679 819 3733 I
849 3682 881 3733 5
910 3681 1018 3748 (6):
1060 3680 1165 3735 Sed
1190 3698 1385 3736 earum
1419 3684 1600 3736 solu-m
1625 3684 1689 3737 de
1725 3684 2108 3737 Grammatico,
2145 3684 2352 3737 librum
2387 3684 2655 3739 absolvere
2683 3683 2860 3753 potui,
2899 3700 3057 3752 quem

320 3773 510 3839 postea
554 3770 618 3823 de
662 3770 921 3823 arm-ario
964 3776 1151 3824 nostro
1190 3772 1433 3840 perdidi,
1478 3778 1526 3825 et
1571 3773 1636 3825 dc
1671 3772 1898 3827 Musica
1942 3790 2036 3826 sex
2081 3773 2370 3827 volumina
2399 3816 2410 3826 .
2444 3815 2455 3827 .
2489 3814 2501 3828 .
2533 3814 2544 3827 .
2592 3774 2685 3827 sed
2721 3772 2926 3826 eosdem
2965 3790 3059 3825 sea:

326 3858 496 3912 libros
542 3858 664 3911 iam
708 3858 1019 3928 baptizatus
1075 3860 1297 3928 iamque
1341 3878 1405 3913 ex
1450 3861 1621 3914 Italia
1661 3878 1940 3929 reqressus
1987 3861 2057 3913 in
2103 3861 2369 3929 Africam
2423 3862 2646 3931 scripsi,
2705 3862 3055 3914 ·2'7oeoaceram.

326 3948 526 4016 quippe
552 3949 924 4003 tantummodo
952 3948 1129 4002 istam
1155 3950 1307 4019 apud
1324 3948 1729 4003 Mediolanium
1752 3949 2151 4019 Disciplinam.
2189 3950 2268 4003 De
2296 3951 2432 4004 aliis
2462 3969 2579 4003 cero
2607 3951 2850 4018 qm'nque
2877 3949 3054 4003 (1123οί-

322 4036 507 4105 plinis
552 4036 675 4090 illic·
719 4037 989 4091 sitm'l'iter
1032 4038 1289 4105 insonti-3,
1335 4040 1399 4093 de
1435 4039 1764 4106 Dialectica,
1811 4040 1874 4091 de
1909 4039 2225 4106 Rhetorica,
2261 4041 2324 4092 de
2371 4039 2723 4103 Geometriea,
2761 4041 2824 4092 de
2862 4038 3054 4091 Arith-

326 4126 543 4192 νηπίω,
572 4128 636 4179 de
662 4126 1041 4196 Philosophia,
1068 4128 1188 4181 sola
1208 4128 1511 4197 principia
1534 4134 1934 4196 remanserunt,
1965 4146 2101 4197 quae
2129 4134 2314 4183 tamen
2341 4129 2510 4181 etiam
2535 4129 2662 4197 ipsa
2685 4128 3052 4196 perdidimus.

543 4214 565 4249 ³
603 4214 799 4270 Veluti
856 4216 947 4269 die
1006 4218 1087 4269 12.
1130 4214 1463 4270 Novembris
1502 4218 1851 4287 Augustinus
1901 4234 2026 4270 cum
2074 4218 2268 4270 amicis
2317 4216 2386 4269 de
2431 4232 2496 4270 00
2535 4216 2856 4285 disputavit,
2904 4216 3054 4284 quod

329 4305 654 4357 continetur
692 4323 740 4359 c.
778 4306 957 4359 Acad.
985 4303 1017 4357 I
1057 4306 1284 4373 16—25,
1330 4307 1421 4360 die
1463 4307 1547 4361 13,
1586 4306 1940 4373 NovembriS,
1979 4306 2130 4374 quod
2167 4306 2313 4359 inest
2349 4307 2404 4358 in
2441 4306 2574 4359 libri
2613 4305 2694 4358 De
2730 4306 2850 4359 vita
2885 4304 3055 4361 beata

328 4412 409 4447 00.
450 4394 645 4462 7-17,
682 4394 773 4448 die
815 4395 897 4449 16.
930 4394 1279 4461 NovembriS,
1320 4412 1461 4464 quae
1500 4395 1729 4449 exhibet
1767 4395 1866 4448 lib.
1905 4395 1986 4449 De
2027 4396 2220 4449 ordine
2258 4396 2284 4447 I
2323 4395 2518 4461 6—27,
2557 4394 2647 4447 die
2686 4395 2772 4447 20.
2811 4393 3052 4447 Novem·

328 4484 462 4549 bris,
502 4500 645 4551 quae
682 4484 739 4537 in
776 4483 933 4535 libris
974 4502 1019 4537 0.
1058 4485 1238 4537 Acad.
1276 4484 1339 4538 11
1380 4486 1589 4538 10—14
1626 4490 1683 4539 et
1723 4485 1951 4551 14—25,
1991 4484 2082 4537 die
2119 4484 2206 4537 23.
2243 4483 2593 4549 Novembris,
2632 4500 2773 4551 quae
2811 4483 2870 4535 in
2907 4484 3052 4537 libro

330 4572 413 4625 De
461 4572 580 4626 ord.
618 4572 677 4625 II
727 4573 900 4626 1-54
949 4574 1204 4642 legimuS.
1277 4575 1784 4628 Accuratissimum
1835 4579 2024 4627 autem
2073 4578 2432 4643 conspectum
2489 4578 3053 4643 argumentorumque

328 4662 545 4727 seriem,
591 4677 750 4729 quae,
798 4678 867 4713 ne
913 4662 1113 4731 longus
1162 4662 1283 4730 sim,
1329 4668 1579 4731 repetere
1616 4663 1767 4730 n010,
1815 4664 1872 4715 in
1921 4662 2222 4717 Ohlmanni
2270 4662 2647 4731 disputatione
2695 4664 2876 4733 legere
2923 4663 3054 4715 licet

326 4752 402 4819 (p.
434 4750 501 4802 ‘27
541 4752 704 4817 sqq.).
