3567 5109
1382 313 1865 378 -151—

251 525 571 592 tenebrae
608 548 745 592 non
782 526 976 611 plane
1015 527 1474 591 discutiuntur.
1521 524 1821 591 Ribbeck
1860 525 2061 606 (Hist.
2089 532 2256 606 trag.
2288 523 2477 589 Rom.
2507 546 2567 607 p.
2590 527 2745 606 254)
2774 524 2979 609 Chry-

255 653 400 697 sem
437 633 600 698 haec
639 655 758 717 per
794 640 1238 716 contemptum
1277 632 1360 698 de
1397 633 1768 716 supplicum
1801 629 2207 697 Graecorum
2244 631 2707 713 imploratione
2738 631 2977 696 dixisse

252 747 504 820 censet,
554 741 671 805 sed
718 740 958 806 clarius
1005 741 1398 805 sententiam
1444 761 1650 817 suam,
1703 739 1864 822 quid
1900 746 2072 803 esset
2106 739 2619 822 redamptruare,
2668 737 2979 821 explana·

251 846 460 911 visset
503 846 714 914 velim.
762 845 1097 932 Quantum
1141 868 1291 912 eum
1337 846 1683 930 adsequor,
1747 868 1789 910 a.
1834 865 1985 910 vero
2035 844 2193 910 mihi
2246 843 2506 908 videtur
2551 843 2977 910 aberravisse.

251 951 536 1018 Rectam
600 955 771 1020 viam
826 954 1214 1020 monstravit
1257 952 1333 1018 L.
1380 953 1663 1018 Mueller
1708 953 1833 1034 (De
1879 952 2029 1018 Pac.
2080 953 2212 1036 fab.
2266 972 2326 1034 p.
2367 954 2502 1033 21),
2572 952 2684 1033 qui
2731 950 2977 1017 bellum

251 1059 568 1125 Troicum
623 1061 886 1145 oblique
941 1061 1128 1144 tangi
1181 1061 1400 1125 sensit.
1495 1060 1774 1143 Fingere
1824 1059 2026 1141 igitur
2077 1057 2303 1122 licebit
2348 1057 2663 1141 Chrysam
2708 1057 2979 1123 tandem

247 1187 408 1231 cum
454 1167 754 1250 precibus
802 1169 1030 1233 matris
1073 1174 1215 1232 tum
1264 1167 1787 1232 consideratione
1843 1163 2081 1230 flexum
2137 1185 2299 1243 esse,
2364 1170 2683 1249 quantum
2727 1165 2797 1230 in
2845 1166 2977 1231 dis-

252 1274 503 1338 crimen
547 1296 794 1354 rursus,
845 1277 900 1340 si
951 1275 1109 1359 quid
1155 1275 1412 1358 gravius
1458 1274 1528 1338 in
1566 1273 1869 1340 Orestem
1907 1271 2364 1351 consuluisset,
2407 1272 2692 1355 patriam
2728 1272 2975 1337 adduc-

246 1385 442 1445 turus
489 1388 680 1460 esset,
724 1404 873 1447 cum
905 1380 1146 1449 Graeci
1193 1381 1294 1446 vel
1340 1382 1628 1464 privatas
1675 1380 1949 1446 iniurias
1996 1378 2256 1463 publice
2294 1379 2492 1463 idque
2529 1398 2665 1444 non
2703 1379 2977 1458 modice,

248 1486 374 1551 sed
419 1487 597 1555 ferro
644 1489 910 1574 ignique
957 1489 1446 1554 ulciscerentur.
1518 1486 1686 1553 Inde
1735 1487 1951 1552 elucet
1991 1488 2486 1570 redamptmare
2530 1486 2794 1569 proprie
2843 1486 2973 1551 dici

245 1614 388 1674 eos,
436 1597 548 1679 qui
583 1597 908 1680 praesulis
946 1603 1160 1663 motus
1199 1595 1516 1662 saltantes
1563 1596 1902 1660 imitentur
1918 1595 1958 1673 ¹,
2002 1592 2343 1672 translate,
2396 1593 2507 1676 qui
2556 1592 2747 1658 alteri
2792 1593 2974 1660 facta

245 1702 396 1766 eius
453 1703 586 1768 sive
641 1703 818 1769 bona.
873 1704 1006 1768 sive
1065 1703 1239 1768 mala
1294 1702 1538 1787 pariter
1593 1702 1979 1784 rependant.
2070 1697 2284 1782 Quem
2337 1699 2729 1765 translatum
2782 1722 2973 1765 usum

254 1808 494 1873 Festus
531 1810 682 1893 ,ipse
729 1831 922 1875 nosse
969 1811 1246 1888 videtur,
1295 1807 1373 1872 cf.
1418 1807 1607 1873 Paul.
1645 1829 1725 1872 ex
1761 1807 1939 1872 Fest.
1979 1811 2073 1890 (p.
2113 1809 2153 1872 9
2191 1806 2309 1885 M„
2354 1808 2389 1871 7
2423 1805 2600 1887 Th.):
2647 1813 2971 1888 antroare,

238 1918 499 2000 gratias
541 1916 803 2000 referre.
851 1915 1065 1980 Multo
1114 1915 1428 1980 audacius
1478 1914 1714 1980 deinde
1743 1914 2092 1992 Pacuvius,
2141 1914 2197 1977 si
2235 1913 2599 1979 Ribbeckio
2645 1913 2809 1978 fides
2854 1914 2971 1980 ha-

247 2021 470 2087 benda
517 2028 636 2102 est,
682 2029 997 2088 aut-musra
1042 2043 1161 2105 pro
1206 2021 1566 2106 repetendo
1613 2022 1837 2104 posuit
1879 2022 1949 2086 in
1996 2020 2249 2086 Teucro
2298 2042 2351 2084 V.
2391 2023 2550 2086 321:

749 2166 1078 2250 Prosus-us
1117 2166 1382 2250 yemitzt,
1430 2187 1772 2230 murmure
1819 2164 2092 2228 ‘occisti'
2141 2163 2469 2230 a-ntmaffi.

248 2306 450 2391 Quod
501 2313 577 2372 ut
629 2307 1000 2390 legentibus
1047 2307 1268 2392 aliquo
1316 2307 1510 2372 modo
1557 2305 2001 2390 persuaderet,
2054 2303 2352 2369 Ribbeck
2407 2325 2543 2369 non
2588 2303 2969 2371 elaboravit.

247 2413 348 2482 At
391 2414 681 2494 verbum,
730 2412 910 2497 quod
952 2421 1090 2479 tam
1137 2420 1388 2479 mature
1434 2412 1632 2497 plane
1685 2411 1954 2491 interiit,
2002 2411 2133 2476 iam
2179 2417 2281 2475 tot
2326 2397 2617 2476 diversas
2662 2412 2967 2479 notiones

247 2520 558 2590 habuisse
605 2522 714 2584 vix
757 2519 1068 2586 credibile
1116 2526 1234 2601 est,
1281 2520 1410 2585 nisi
1455 2520 1782 2585 Pacuvius
1826 2519 1967 2602 ipse
2016 2539 2151 2584 non
2195 2516 2363 2583 bene
2401 2519 2610 2598 scivit,
2659 2518 2818 2604 quid
2855 2541 2965 2585 va-

246 2627 432 2692 leret.
482 2625 928 2710 Quamobrem
974 2627 1156 2693 aliud
1205 2623 1362 2711 quid
1405 2627 1799 2710 investigare
1844 2627 2045 2690 iuvat.
2094 2625 2445 2690 Extremae
2490 2624 2749 2692 litterae
2786 2625 2966 2708 apud

249 2733 518 2798 Festum
564 2733 915 2799 manifesto
953 2734 1218 2800 vitiatae
1257 2740 1440 2813 sunt;
1487 2734 1559 2798 id
1595 2753 1747 2798 vero
1786 2731 2145 2798 tenendum
2183 2738 2283 2796 est
2318 2737 2470 2814 post
2495 2733 2717 2797 occisti
2740 2751 2967 2798 vocem

243 2840 558 2924 scriptam
604 2840 825 2921 fuisse,
893 2863 1062 2926 quae
1109 2863 1150 2906 a
1193 2841 1430 2906 litteris
1484 2861 1578 2904 an
1623 2837 1726 2904 vel
1770 2862 1862 2904 au
1906 2838 2161 2926 incipit.
2252 2839 2687 2924 Desideratur
2742 2845 2965 2906 autem

241 2947 512 3012 verbum
542 2947 825 3028 dicendi,
855 2947 1030 3012 unde
1059 2951 1295 3030 opinor
1319 2952 1628 3012 autumat
1663 2944 2083 3011 scribendum
2111 2965 2272 3025 esse,
2304 2966 2435 3030 quo
2465 2945 2663 3010 verbo
2692 2953 2965 3030 propter

241 3055 632 3138 gravitatem
675 3055 1006 3120 Pacuvius
1059 3076 1257 3138 saepe
1312 3059 1511 3139 atque
1568 3053 1921 3136 praecipue
1975 3053 2047 3118 in
2094 3051 2391 3118 clausula
2438 3053 2645 3117 utitur
2692 3055 2779 3140 (v.
2812 3055 2960 3133 118,

254 3161 397 3241 169,
446 3165 598 3242 368,
647 3164 797 3242 373,
845 3163 1020 3246 403).

459 3267 592 3333 Sed
638 3269 725 3333 ad
767 3267 1062 3333 Nonium
1106 3272 1528 3332 revertamur.
1574 3267 1646 3331 Is
1691 3266 1951 3332 duobus
1996 3265 2161 3330 locis
2203 3267 2277 3329 in
2312 3264 2668 3331 Duloreste
2704 3288 2763 3332 V.
2798 3269 2957 3332 156:

277 3421 282 3424 -
607 3374 748 3452 Quo
791 3375 1066 3440 consilio
1111 3379 1585 3458 consternatur,
1631 3394 1763 3458 qua
1808 3373 1896 3448 vi,
1940 3373 2131 3438 cuiue
2177 3373 2421 3457 copiis?

245 3485 314 3544 et
358 3482 515 3546 284:
608 3481 1050 3565 Con-sternam,
1105 3482 1344 3562 anime,
1401 3503 1478 3546 ex
1512 3486 1766 3565 pectore
1811 3479 2013 3545 aude⁸
2069 3481 2379 3544 ccvolvere
2420 3479 2429 3562 Ι
2474 3478 2841 3546 Consilium
2880 3531 2895 3544 .
2941 3528 2957 3545 .

244 3588 710 3652 ‘consternari’
776 3589 952 3653 idem
1015 3607 1158 3652 esse
1213 3594 1414 3672 atque
1470 3586 1692 3670 ‘erigi'
1752 3585 2054 3669 explicat.
2145 3584 2232 3649 Id
2281 3585 2434 3648 viris
2460 3584 2694 3674 doctis
2738 3586 2957 3651 minus

243 3692 512 3778 placuit,
561 3695 720 3778 quia.
765 3696 1112 3760 ‘sternere'
1163 3701 1228 3760 et
1271 3695 1575 3784 ‘erigere-²
1623 3693 1933 3758 videntur
1977 3692 2309 3759 contraria
2345 3711 2508 3756 esse.
2555 3690 2635 3758 L.
2673 3691 2958 3758 Mueller

242 3799 506 3884 quidem
541 3801 612 3866 in
650 3802 939 3867 editione
965 3801 1280 3868 Noniana
1317 3802 1533 3885 priore
1570 3800 1716 3864 loco
1748 3822 1876 3885 quo
1903 3800 2173 3866 consilio
2200 3805 2644 3866 consternetur
2670 3800 2953 3885 scripsit,

241 3913 473 3994 postea
509 3909 636 3992 (De
662 3910 816 3976 Pac.
847 3910 982 3994 fab.
1012 3931 1078 3993 p.
1101 3912 1212 3992 26)
1247 3907 1675 3973 indicativum
1705 3927 1967 3995 quoque
2005 3905 2150 3972 loco
2182 3907 2578 3973 coniunctivi
2609 3905 2958 3973 dubitativi

241 4016 506 4081 retineri
540 4036 736 4102 posse
774 4022 956 4081 ratus
987 4021 1105 4080 est.
1153 4015 1253 4081 At
1276 4015 1626 4094 Pacuvius,
1656 4013 1784 4078 nisi
1814 4012 2279 4078 obscuritatem
2305 4014 2613 4096 captavit,
2641 4033 2955 4098 praesens

243 4122 344 4185 vix
387 4123 564 4188 hunc
607 4123 678 4188 in
725 4122 990 4188 modum
1035 4144 1280 4208 ponere
1326 4122 1569 4206 potuit;
1617 4142 1774 4186 nam
1821 4119 2043 4186 futuro
2093 4141 2283 4216 opus·
2307 4126 2471 4185 erat.
2526 4119 2716 4185 Idem
2763 4120 2953 4187 alteri

240 4225 380 4293 loco
427 4227 819 4295 levissimam
867 4228 1187 4294 medelam
1234 4229 1495 4312 paravit
1539 4234 1692 4312 post
1726 4229 1947 4293 anime
1980 4226 2432 4310 interrogandi
2460 4211 2645 4310 signo
2675 4228 2890 4310 posito
2903 4230 2951 4292 ⁴.

455 4459 476 4494 ¹
511 4458 598 4514 Cf.
636 4459 816 4514 Lucil.
853 4459 960 4514 320
998 4457 1226 4525 (Marx.,
1263 4457 1368 4512 282
1406 4457 1490 4523 L„
1529 4456 1616 4511 IX
1652 4456 1722 4511 62
1761 4455 1883 4524 Μ.).

449 4547 472 4583 ²
508 4548 711 4602 Codd.:
757 4545 1068 4602 occistians
1101 4563 1230 4601 rua.

447 4637 472 4674 ³
507 4637 712 4691 Codd.=
749 4637 891 4690 hanc
929 4635 1073 4706 (hac)
1107 4640 1156 4688 et
1191 4635 1406 4691 volvere.

447 4727 470 4761 ⁴
506 4726 575 4780 In
601 4724 930 4780 Buecheleri
958 4725 1305 4778 coniectura:
1344 4723 1716 4789 Constemare,
1745 4722 1951 4789 anime,
1978 4739 2043 4776 ac
2064 4727 2278 4792 pectore
2302 4721 2447 4776 hanc
2470 4721 2699 4774 evolvere
2730 4722 2739 4788 Ι
2769 4721 2949 4774 comi—

237 4817 374 4872 tium
398 4815 594 4881 cubitO,
619 4814 744 4868 nisi
766 4831 870 4883 quo
895 4814 998 4866 dea
1023 4817 1159 4867 nata
1183 4817 1262 4866 est
1285 4813 1444 4866 modo
1473 4812 1744 4882 (intellegi
1763 4812 1911 4866 vult:
1951 4811 2175 4864 ‘mirare
2202 4809 2473 4864 feminam
2502 4808 2950 4874 consiliatricem,
