<?xml version="1.0" encoding="UTF-8"?>
<!DOCTYPE html PUBLIC "-//W3C//DTD XHTML 1.0 Transitional//EN"
    "http://www.w3.org/TR/xhtml1/DTD/xhtml1-transitional.dtd">
<html xmlns="http://www.w3.org/1999/xhtml" xml:lang="en" lang="en">
 <head>
  <title>
</title>
<meta http-equiv="Content-Type" content="text/html;charset=utf-8" />
  <meta name='ocr-system' content='tesseract 3.04.00' />
  <meta name='ocr-capabilities' content='ocr_page ocr_carea ocr_par ocr_line ocrx_word'/>
</head>
<body>
  <div class='ocr_page' id='page_1' title='image "./dissertationesp09wiengoog_0281.png"; bbox 0 0 3567 5109; ppageno 0'>
   <div class='ocr_carea' id='block_1_1' title="bbox 1378 330 1818 394">
    <p class='ocr_par' dir='ltr' id='par_1_1' title="bbox 1378 330 1818 394">
     <span class='ocr_line' id='line_1_1' title="bbox 1378 330 1818 394; baseline 0.002 -19"><span class='ocrx_word' id='word_1_1' title='bbox 1378 330 1818 394; x_wconf 74' lang='grc'><strong>-67-</strong></span> 
     </span>
    </p>
   </div>
   <div class='ocr_carea' id='block_1_2' title="bbox 234 542 3002 2975">
    <p class='ocr_par' dir='ltr' id='par_1_2' title="bbox 234 542 2964 1695">
     <span class='ocr_line' id='line_1_2' title="bbox 234 542 2952 629; baseline 0.001 -23"><span class='ocrx_word' id='word_1_2' title='bbox 234 546 377 606; x_wconf 89' lang='lat' dir='ltr'><strong>tum</strong></span> <span class='ocrx_word' id='word_1_3' title='bbox 407 542 849 607; x_wconf 79' lang='lat' dir='ltr'><strong>Athenienses</strong></span> <span class='ocrx_word' id='word_1_4' title='bbox 887 544 1159 607; x_wconf 88' lang='lat' dir='ltr'><strong>summis</strong></span> <span class='ocrx_word' id='word_1_5' title='bbox 1197 544 1622 608; x_wconf 87' lang='lat' dir='ltr'><strong>circumventi</strong></span> <span class='ocrx_word' id='word_1_6' title='bbox 1658 550 1852 609; x_wconf 86' lang='lat' dir='ltr'><strong>erant</strong></span> <span class='ocrx_word' id='word_1_7' title='bbox 1881 542 2397 623; x_wconf 74' lang='lat' dir='ltr'><strong>difficultatibus,</strong></span> <span class='ocrx_word' id='word_1_8' title='bbox 2430 565 2577 608; x_wconf 92' lang='lat' dir='ltr'><strong>cum</strong></span> <span class='ocrx_word' id='word_1_9' title='bbox 2603 543 2952 629; x_wconf 80' lang='lat' dir='ltr'>Philippus</span> 
     </span>
     <span class='ocr_line' id='line_1_3' title="bbox 235 648 2954 735; baseline 0.001 -24"><span class='ocrx_word' id='word_1_10' title='bbox 235 648 368 712; x_wconf 89' lang='lat' dir='ltr'><strong>iam</strong></span> <span class='ocrx_word' id='word_1_11' title='bbox 418 651 596 714; x_wconf 91' lang='lat' dir='ltr'><strong>omni</strong></span> <span class='ocrx_word' id='word_1_12' title='bbox 642 650 705 713; x_wconf 83' lang='lat' dir='ltr'><strong>vi</strong></span> <span class='ocrx_word' id='word_1_13' title='bbox 751 649 822 713; x_wconf 92' lang='lat' dir='ltr'><strong>id</strong></span> <span class='ocrx_word' id='word_1_14' title='bbox 868 656 1113 732; x_wconf 87' lang='lat' dir='ltr'><strong>ageret,</strong></span> <span class='ocrx_word' id='word_1_15' title='bbox 1160 656 1236 714; x_wconf 93' lang='lat' dir='ltr'><strong>ut</strong></span> <span class='ocrx_word' id='word_1_16' title='bbox 1278 649 1653 715; x_wconf 89' lang='lat' dir='ltr'><strong>libertatem</strong></span> <span class='ocrx_word' id='word_1_17' title='bbox 1698 651 1781 715; x_wconf 88' lang='lat' dir='ltr'><strong>iis</strong></span> <span class='ocrx_word' id='word_1_18' title='bbox 1830 650 2128 733; x_wconf 87' lang='lat' dir='ltr'><strong>eriperet.</strong></span> <span class='ocrx_word' id='word_1_19' title='bbox 2195 648 2410 735; x_wconf 81' lang='lat' dir='ltr'><strong>Quam</strong></span> <span class='ocrx_word' id='word_1_20' title='bbox 2455 672 2697 735; x_wconf 89' lang='lat' dir='ltr'><strong>magna</strong></span> <span class='ocrx_word' id='word_1_21' title='bbox 2744 650 2954 716; x_wconf 90' lang='lat' dir='ltr'><strong>Athe—</strong></span> 
     </span>
     <span class='ocr_line' id='line_1_4' title="bbox 237 755 2954 841; baseline 0.001 -22"><span class='ocrx_word' id='word_1_22' title='bbox 237 755 564 821; x_wconf 82' lang='lat' dir='ltr'><strong>niensium</strong></span> <span class='ocrx_word' id='word_1_23' title='bbox 610 756 808 821; x_wconf 86' lang='lat' dir='ltr'><strong>fuerit</strong></span> <span class='ocrx_word' id='word_1_24' title='bbox 850 757 1241 840; x_wconf 69' lang='lat' dir='ltr'><strong>indignatio,</strong></span> <span class='ocrx_word' id='word_1_25' title='bbox 1301 779 1447 822; x_wconf 86' lang='lat' dir='ltr'><strong>cum</strong></span> <span class='ocrx_word' id='word_1_26' title='bbox 1495 757 1941 841; x_wconf 79' lang='lat' dir='ltr'><strong>Peparethum</strong></span> <span class='ocrx_word' id='word_1_27' title='bbox 1998 757 2282 822; x_wconf 87' lang='lat' dir='ltr'><strong>deletam</strong></span> <span class='ocrx_word' id='word_1_28' title='bbox 2337 779 2480 822; x_wconf 89' lang='lat' dir='ltr'><strong>esse</strong></span> <span class='ocrx_word' id='word_1_29' title='bbox 2529 757 2954 836; x_wconf 76' lang='lat' dir='ltr'><strong>audivissent,</strong></span> 
     </span>
     <span class='ocr_line' id='line_1_5' title="bbox 239 862 2956 949; baseline 0.001 -22"><span class='ocrx_word' id='word_1_30' title='bbox 239 884 321 927; x_wconf 83' lang='lat' dir='ltr'><strong>ex</strong></span> <span class='ocrx_word' id='word_1_31' title='bbox 364 862 527 927; x_wconf 90' lang='lat' dir='ltr'><strong>locis</strong></span> <span class='ocrx_word' id='word_1_32' title='bbox 573 863 1044 928; x_wconf 80' lang='lat' dir='ltr'><strong>Demosthenis</strong></span> <span class='ocrx_word' id='word_1_33' title='bbox 1093 864 1319 929; x_wconf 88' lang='lat' dir='ltr'><strong>elucet.</strong></span> <span class='ocrx_word' id='word_1_34' title='bbox 1411 863 1567 928; x_wconf 89' lang='lat' dir='ltr'><strong>Non</strong></span> <span class='ocrx_word' id='word_1_35' title='bbox 1633 871 1734 929; x_wconf 89' lang='lat' dir='ltr'><strong>est</strong></span> <span class='ocrx_word' id='word_1_36' title='bbox 1800 863 2252 944; x_wconf 89' lang='lat' dir='ltr'><strong>dubitandum,</strong></span> <span class='ocrx_word' id='word_1_37' title='bbox 2321 865 2480 946; x_wconf 91' lang='lat' dir='ltr'><strong>quin</strong></span> <span class='ocrx_word' id='word_1_38' title='bbox 2547 866 2808 949; x_wconf 86' lang='lat' dir='ltr'><strong>saepius</strong></span> <span class='ocrx_word' id='word_1_39' title='bbox 2878 865 2956 930; x_wconf 90' lang='lat' dir='ltr'><strong>de</strong></span> 
     </span>
     <span class='ocr_line' id='line_1_6' title="bbox 239 968 2957 1053; baseline 0.001 -21"><span class='ocrx_word' id='word_1_40' title='bbox 239 968 507 1034; x_wconf 84' lang='lat' dir='ltr'><strong>foedere</strong></span> <span class='ocrx_word' id='word_1_41' title='bbox 553 991 701 1035; x_wconf 90' lang='lat' dir='ltr'><strong>cum</strong></span> <span class='ocrx_word' id='word_1_42' title='bbox 748 970 1060 1053; x_wconf 91' lang='lat' dir='ltr'><strong>Philippo</strong></span> <span class='ocrx_word' id='word_1_43' title='bbox 1108 972 1261 1051; x_wconf 90' lang='lat' dir='ltr'><strong>icto,</strong></span> <span class='ocrx_word' id='word_1_44' title='bbox 1320 971 1401 1035; x_wconf 93' lang='lat' dir='ltr'><strong>de</strong></span> <span class='ocrx_word' id='word_1_45' title='bbox 1458 972 1813 1053; x_wconf 88' lang='lat' dir='ltr'><strong>aequitate,</strong></span> <span class='ocrx_word' id='word_1_46' title='bbox 1873 971 1953 1035; x_wconf 92' lang='lat' dir='ltr'><strong>de</strong></span> <span class='ocrx_word' id='word_1_47' title='bbox 2010 972 2264 1037; x_wconf 88' lang='lat' dir='ltr'><strong>iustitia</strong></span> <span class='ocrx_word' id='word_1_48' title='bbox 2319 972 2517 1037; x_wconf 83' lang='lat' dir='ltr'><strong>verba</strong></span> <span class='ocrx_word' id='word_1_49' title='bbox 2571 972 2750 1037; x_wconf 87' lang='lat' dir='ltr'><strong>facta</strong></span> <span class='ocrx_word' id='word_1_50' title='bbox 2805 973 2957 1038; x_wconf 89' lang='lat' dir='ltr'><strong>sint.</strong></span> 
     </span>
     <span class='ocr_line' id='line_1_7' title="bbox 237 1076 2958 1163; baseline 0.002 -23"><span class='ocrx_word' id='word_1_51' title='bbox 237 1076 478 1159; x_wconf 87' lang='lat' dir='ltr'><strong>Itaque</strong></span> <span class='ocrx_word' id='word_1_52' title='bbox 524 1077 805 1160; x_wconf 79' lang='lat' dir='ltr'><strong>scriptor</strong></span> <span class='ocrx_word' id='word_1_53' title='bbox 852 1077 1200 1160; x_wconf 86' lang='lat' dir='ltr'><strong>quendam,</strong></span> <span class='ocrx_word' id='word_1_54' title='bbox 1239 1080 1353 1161; x_wconf 92' lang='lat' dir='ltr'><strong>qui</strong></span> <span class='ocrx_word' id='word_1_55' title='bbox 1389 1078 1633 1143; x_wconf 91' lang='lat' dir='ltr'><strong>iustum</strong></span> <span class='ocrx_word' id='word_1_56' title='bbox 1670 1085 1869 1161; x_wconf 91' lang='lat' dir='ltr'><strong>atque</strong></span> <span class='ocrx_word' id='word_1_57' title='bbox 1908 1079 2242 1157; x_wconf 89' lang='lat' dir='ltr'><strong>iniustum,</strong></span> <span class='ocrx_word' id='word_1_58' title='bbox 2285 1079 2443 1161; x_wconf 89' lang='lat' dir='ltr'><strong>quid</strong></span> <span class='ocrx_word' id='word_1_59' title='bbox 2479 1080 2584 1157; x_wconf 91' lang='lat' dir='ltr'><strong>sit,</strong></span> <span class='ocrx_word' id='word_1_60' title='bbox 2626 1081 2958 1163; x_wconf 86' lang='lat' dir='ltr'><strong>cognitum</strong></span> 
     </span>
     <span class='ocr_line' id='line_1_8' title="bbox 240 1183 2962 1269; baseline 0.001 -22"><span class='ocrx_word' id='word_1_61' title='bbox 240 1204 312 1248; x_wconf 87' lang='lat' dir='ltr'><strong>se</strong></span> <span class='ocrx_word' id='word_1_62' title='bbox 358 1184 601 1249; x_wconf 87' lang='lat' dir='ltr'><strong>habere</strong></span> <span class='ocrx_word' id='word_1_63' title='bbox 656 1191 867 1267; x_wconf 86' lang='lat' dir='ltr'><strong>putat,</strong></span> <span class='ocrx_word' id='word_1_64' title='bbox 917 1184 1434 1250; x_wconf 80' lang='lat' dir='ltr'><strong>Atheniensibus</strong></span> <span class='ocrx_word' id='word_1_65' title='bbox 1500 1183 1602 1249; x_wconf 83' lang='lat' dir='ltr'><strong>vel</strong></span> <span class='ocrx_word' id='word_1_66' title='bbox 1656 1184 2076 1268; x_wconf 88' lang='lat' dir='ltr'><strong>Peparethiis</strong></span> <span class='ocrx_word' id='word_1_67' title='bbox 2131 1185 2518 1249; x_wconf 84' lang='lat' dir='ltr'><strong>suadentem</strong></span> <span class='ocrx_word' id='word_1_68' title='bbox 2575 1184 2784 1269; x_wconf 89' lang='lat' dir='ltr'><strong>fingit,</strong></span> <span class='ocrx_word' id='word_1_69' title='bbox 2850 1188 2962 1269; x_wconf 87' lang='lat' dir='ltr'><strong>qui</strong></span> 
     </span>
     <span class='ocr_line' id='line_1_9' title="bbox 242 1291 2964 1373; baseline 0.001 -19"><span class='ocrx_word' id='word_1_70' title='bbox 242 1296 419 1355; x_wconf 88' lang='lat' dir='ltr'><strong>certe</strong></span> <span class='ocrx_word' id='word_1_71' title='bbox 466 1291 548 1355; x_wconf 86' lang='lat' dir='ltr'><strong>ab</strong></span> <span class='ocrx_word' id='word_1_72' title='bbox 598 1292 899 1356; x_wconf 91' lang='lat' dir='ltr'><strong>omnibus</strong></span> <span class='ocrx_word' id='word_1_73' title='bbox 946 1291 1368 1371; x_wconf 86' lang='lat' dir='ltr'><strong>deridebitur,</strong></span> <span class='ocrx_word' id='word_1_74' title='bbox 1418 1293 1477 1356; x_wconf 92' lang='lat' dir='ltr'><strong>si</strong></span> <span class='ocrx_word' id='word_1_75' title='bbox 1523 1293 1767 1359; x_wconf 90' lang='lat' dir='ltr'><strong>iustum</strong></span> <span class='ocrx_word' id='word_1_76' title='bbox 1804 1313 2284 1373; x_wconf 84' lang='lat' dir='ltr'><strong>nonnunquam</strong></span> <span class='ocrx_word' id='word_1_77' title='bbox 2323 1291 2566 1356; x_wconf 88' lang='lat' dir='ltr'><strong>malum</strong></span> <span class='ocrx_word' id='word_1_78' title='bbox 2605 1313 2748 1357; x_wconf 89' lang='lat' dir='ltr'><strong>esse</strong></span> <span class='ocrx_word' id='word_1_79' title='bbox 2790 1293 2964 1357; x_wconf 90' lang='lat' dir='ltr'><strong>dicet</strong></span> 
     </span>
     <span class='ocr_line' id='line_1_10' title="bbox 242 1395 2961 1483; baseline 0.001 -22"><span class='ocrx_word' id='word_1_80' title='bbox 242 1395 403 1479; x_wconf 88' lang='lat' dir='ltr'><strong>(tale</strong></span> <span class='ocrx_word' id='word_1_81' title='bbox 452 1399 625 1462; x_wconf 90' lang='lat' dir='ltr'><strong>enim</strong></span> <span class='ocrx_word' id='word_1_82' title='bbox 673 1398 988 1463; x_wconf 86' lang='lat' dir='ltr'><strong>solacium</strong></span> <span class='ocrx_word' id='word_1_83' title='bbox 1037 1400 1309 1463; x_wconf 87' lang='lat' dir='ltr'><strong>miseros</strong></span> <span class='ocrx_word' id='word_1_84' title='bbox 1363 1397 1529 1462; x_wconf 88' lang='lat' dir='ltr'><strong>nihil</strong></span> <span class='ocrx_word' id='word_1_85' title='bbox 1584 1400 1810 1483; x_wconf 84' lang='lat' dir='ltr'><strong>iuvat),</strong></span> <span class='ocrx_word' id='word_1_86' title='bbox 1861 1420 2008 1463; x_wconf 91' lang='lat' dir='ltr'><strong>cum</strong></span> <span class='ocrx_word' id='word_1_87' title='bbox 2054 1397 2247 1481; x_wconf 86' lang='lat' dir='ltr'><strong>vulgo</strong></span> <span class='ocrx_word' id='word_1_88' title='bbox 2301 1400 2546 1463; x_wconf 91' lang='lat' dir='ltr'><strong>iustum</strong></span> <span class='ocrx_word' id='word_1_89' title='bbox 2598 1398 2760 1463; x_wconf 90' lang='lat' dir='ltr'><strong>utile</strong></span> <span class='ocrx_word' id='word_1_90' title='bbox 2819 1420 2961 1464; x_wconf 90' lang='lat' dir='ltr'><strong>esse</strong></span> 
     </span>
     <span class='ocr_line' id='line_1_11' title="bbox 242 1504 2964 1588; baseline 0 -19"><span class='ocrx_word' id='word_1_91' title='bbox 242 1505 665 1569; x_wconf 82' lang='lat' dir='ltr'><strong>existimetur.</strong></span> <span class='ocrx_word' id='word_1_92' title='bbox 737 1504 925 1570; x_wconf 90' lang='lat' dir='ltr'><strong>Haec</strong></span> <span class='ocrx_word' id='word_1_93' title='bbox 983 1506 1329 1584; x_wconf 88' lang='lat' dir='ltr'><strong>sententia,</strong></span> <span class='ocrx_word' id='word_1_94' title='bbox 1389 1506 1445 1570; x_wconf 92' lang='lat' dir='ltr'><strong>si</strong></span> <span class='ocrx_word' id='word_1_95' title='bbox 1500 1526 1654 1570; x_wconf 79' lang='lat' dir='ltr'><strong>vera</strong></span> <span class='ocrx_word' id='word_1_96' title='bbox 1709 1512 1828 1583; x_wconf 85' lang='lat' dir='ltr'><strong>est,</strong></span> <span class='ocrx_word' id='word_1_97' title='bbox 1890 1506 2133 1588; x_wconf 87' lang='lat' dir='ltr'><strong>optime</strong></span> <span class='ocrx_word' id='word_1_98' title='bbox 2182 1506 2464 1588; x_wconf 81' lang='lat' dir='ltr'><strong>quadrat</strong></span> <span class='ocrx_word' id='word_1_99' title='bbox 2497 1505 2597 1569; x_wconf 85' lang='lat' dir='ltr'><strong>ad</strong></span> <span class='ocrx_word' id='word_1_100' title='bbox 2643 1527 2964 1571; x_wconf 88' lang='lat' dir='ltr'><strong>summam</strong></span> 
     </span>
     <span class='ocr_line' id='line_1_12' title="bbox 238 1611 755 1695; baseline 0.002 -20"><span class='ocrx_word' id='word_1_101' title='bbox 238 1613 444 1676; x_wconf 83' lang='lat' dir='ltr'><strong>totius</strong></span> <span class='ocrx_word' id='word_1_102' title='bbox 491 1611 755 1695; x_wconf 84' lang='lat' dir='ltr'><strong>dialogi.</strong></span> 
     </span>
    </p>

    <p class='ocr_par' dir='ltr' id='par_1_3' title="bbox 242 1718 3002 2975">
     <span class='ocr_line' id='line_1_13' title="bbox 456 1718 2961 1801; baseline 0.001 -20"><span class='ocrx_word' id='word_1_103' title='bbox 456 1718 605 1783; x_wconf 87' lang='lat' dir='ltr'><strong>Iam</strong></span> <span class='ocrx_word' id='word_1_104' title='bbox 653 1718 1099 1801; x_wconf 89' lang='lat' dir='ltr'><strong>disputatione</strong></span> <span class='ocrx_word' id='word_1_105' title='bbox 1147 1724 1377 1784; x_wconf 87' lang='lat' dir='ltr'><strong>nostra</strong></span> <span class='ocrx_word' id='word_1_106' title='bbox 1423 1719 1509 1784; x_wconf 91' lang='lat' dir='ltr'><strong>ad</strong></span> <span class='ocrx_word' id='word_1_107' title='bbox 1546 1718 1745 1783; x_wconf 90' lang='lat' dir='ltr'><strong>finem</strong></span> <span class='ocrx_word' id='word_1_108' title='bbox 1783 1718 2092 1798; x_wconf 89' lang='lat' dir='ltr'><strong>adducta,</strong></span> <span class='ocrx_word' id='word_1_109' title='bbox 2135 1738 2302 1801; x_wconf 88' lang='lat' dir='ltr'><strong>quae</strong></span> <span class='ocrx_word' id='word_1_110' title='bbox 2344 1720 2678 1783; x_wconf 84' lang='lat' dir='ltr'><strong>consecuti</strong></span> <span class='ocrx_word' id='word_1_111' title='bbox 2715 1740 2961 1799; x_wconf 77' lang='lat' dir='ltr'><strong>sumna,</strong></span> 
     </span>
     <span class='ocr_line' id='line_1_14' title="bbox 242 1824 2966 1911; baseline 0 -21"><span class='ocrx_word' id='word_1_112' title='bbox 242 1826 475 1909; x_wconf 87' lang='lat' dir='ltr'><strong>paucis</strong></span> <span class='ocrx_word' id='word_1_113' title='bbox 520 1824 733 1891; x_wconf 81' lang='lat' dir='ltr'><strong>verbis</strong></span> <span class='ocrx_word' id='word_1_114' title='bbox 782 1826 1434 1909; x_wconf 81' lang='lat' dir='ltr'><strong>comprehendamus,</strong></span> <span class='ocrx_word' id='word_1_115' title='bbox 1525 1824 1631 1890; x_wconf 90' lang='lat' dir='ltr'><strong>Ac</strong></span> <span class='ocrx_word' id='word_1_116' title='bbox 1676 1827 1961 1909; x_wconf 90' lang='lat' dir='ltr'><strong>primum</strong></span> <span class='ocrx_word' id='word_1_117' title='bbox 2008 1826 2273 1908; x_wconf 89' lang='lat' dir='ltr'><strong>quidem</strong></span> <span class='ocrx_word' id='word_1_118' title='bbox 2316 1825 2745 1908; x_wconf 86' lang='lat' dir='ltr'><strong>inquirentes,</strong></span> <span class='ocrx_word' id='word_1_119' title='bbox 2806 1827 2966 1911; x_wconf 90' lang='lat' dir='ltr'><strong>quid</strong></span> 
     </span>
     <span class='ocr_line' id='line_1_15' title="bbox 244 1932 2964 2016; baseline 0.001 -20"><span class='ocrx_word' id='word_1_120' title='bbox 244 1934 527 2016; x_wconf 88' lang='lat' dir='ltr'><strong>scriptor</strong></span> <span class='ocrx_word' id='word_1_121' title='bbox 571 1933 698 1996; x_wconf 90' lang='lat' dir='ltr'><strong>sibi</strong></span> <span class='ocrx_word' id='word_1_122' title='bbox 746 1934 1182 2016; x_wconf 86' lang='lat' dir='ltr'><strong>proposuerit,</strong></span> <span class='ocrx_word' id='word_1_123' title='bbox 1231 1933 1511 1997; x_wconf 84' lang='lat' dir='ltr'><strong>diximus</strong></span> <span class='ocrx_word' id='word_1_124' title='bbox 1560 1954 1758 2015; x_wconf 87' lang='lat' dir='ltr'><strong>quam</strong></span> <span class='ocrx_word' id='word_1_125' title='bbox 1798 1932 2365 1997; x_wconf 85' lang='lat' dir='ltr'><strong>vehementissime</strong></span> <span class='ocrx_word' id='word_1_126' title='bbox 2405 1953 2553 1997; x_wconf 91' lang='lat' dir='ltr'><strong>eum</strong></span> <span class='ocrx_word' id='word_1_127' title='bbox 2593 1935 2964 2015; x_wconf 88' lang='lat' dir='ltr'><strong>vituperare</strong></span> 
     </span>
     <span class='ocr_line' id='line_1_16' title="bbox 244 2038 2962 2124; baseline 0 -20"><span class='ocrx_word' id='word_1_128' title='bbox 244 2039 880 2123; x_wconf 83' lang='lat' dir='ltr'><strong>magniloquentiam</strong></span> <span class='ocrx_word' id='word_1_129' title='bbox 928 2060 1153 2124; x_wconf 85' lang='lat' dir='ltr'><strong>eorum</strong></span> <span class='ocrx_word' id='word_1_130' title='bbox 1200 2038 1738 2118; x_wconf 88' lang='lat' dir='ltr'><strong>adulescentium,</strong></span> <span class='ocrx_word' id='word_1_131' title='bbox 1779 2040 1912 2121; x_wconf 93' lang='lat' dir='ltr'><strong>qui,</strong></span> <span class='ocrx_word' id='word_1_132' title='bbox 1954 2060 2352 2121; x_wconf 89' lang='lat' dir='ltr'><strong>quamquam</strong></span> <span class='ocrx_word' id='word_1_133' title='bbox 2388 2038 2555 2104; x_wconf 84' lang='lat' dir='ltr'><strong>nihil</strong></span> <span class='ocrx_word' id='word_1_134' title='bbox 2593 2040 2962 2119; x_wconf 89' lang='lat' dir='ltr'><strong>didicerint,</strong></span> 
     </span>
     <span class='ocr_line' id='line_1_17' title="bbox 244 2145 2964 2229; baseline 0.001 -20"><span class='ocrx_word' id='word_1_135' title='bbox 244 2152 470 2210; x_wconf 88' lang='lat' dir='ltr'><strong>tamen</strong></span> <span class='ocrx_word' id='word_1_136' title='bbox 518 2147 851 2211; x_wconf 79' lang='lat' dir='ltr'><strong>civitatem</strong></span> <span class='ocrx_word' id='word_1_137' title='bbox 899 2166 1123 2228; x_wconf 87' lang='lat' dir='ltr'><strong>regere</strong></span> <span class='ocrx_word' id='word_1_138' title='bbox 1171 2146 1459 2229; x_wconf 89' lang='lat' dir='ltr'><strong>cupiant.</strong></span> <span class='ocrx_word' id='word_1_139' title='bbox 1526 2146 1822 2210; x_wconf 89' lang='lat' dir='ltr'><strong>Primum</strong></span> <span class='ocrx_word' id='word_1_140' title='bbox 1859 2168 1928 2210; x_wconf 89' lang='lat' dir='ltr'><strong>se</strong></span> <span class='ocrx_word' id='word_1_141' title='bbox 1967 2145 2149 2228; x_wconf 91' lang='lat' dir='ltr'><strong>ipsos</strong></span> <span class='ocrx_word' id='word_1_142' title='bbox 2184 2166 2455 2210; x_wconf 89' lang='lat' dir='ltr'><strong>noscere</strong></span> <span class='ocrx_word' id='word_1_143' title='bbox 2493 2167 2762 2211; x_wconf 88' lang='lat' dir='ltr'><strong>necesse</strong></span> <span class='ocrx_word' id='word_1_144' title='bbox 2802 2168 2964 2225; x_wconf 86' lang='lat' dir='ltr'><strong>esse,</strong></span> 
     </span>
     <span class='ocr_line' id='line_1_18' title="bbox 247 2251 2966 2335; baseline 0.001 -19"><span class='ocrx_word' id='word_1_145' title='bbox 247 2274 377 2335; x_wconf 90' lang='lat' dir='ltr'><strong>quo</strong></span> <span class='ocrx_word' id='word_1_146' title='bbox 442 2251 617 2317; x_wconf 83' lang='lat' dir='ltr'><strong>facto</strong></span> <span class='ocrx_word' id='word_1_147' title='bbox 685 2253 884 2318; x_wconf 88' lang='lat' dir='ltr'><strong>etiam</strong></span> <span class='ocrx_word' id='word_1_148' title='bbox 952 2253 1303 2331; x_wconf 83' lang='lat' dir='ltr'><strong>civitatem,</strong></span> <span class='ocrx_word' id='word_1_149' title='bbox 1362 2274 1530 2335; x_wconf 88' lang='lat' dir='ltr'><strong>quae</strong></span> <span class='ocrx_word' id='word_1_150' title='bbox 1595 2273 1716 2335; x_wconf 87' lang='lat' dir='ltr'><strong>per</strong></span> <span class='ocrx_word' id='word_1_151' title='bbox 1776 2252 2116 2317; x_wconf 83' lang='lat' dir='ltr'><strong>levitatem</strong></span> <span class='ocrx_word' id='word_1_152' title='bbox 2171 2273 2413 2332; x_wconf 90' lang='lat' dir='ltr'><strong>eorum,</strong></span> <span class='ocrx_word' id='word_1_153' title='bbox 2473 2254 2585 2335; x_wconf 91' lang='lat' dir='ltr'><strong>qui</strong></span> <span class='ocrx_word' id='word_1_154' title='bbox 2643 2274 2790 2319; x_wconf 86' lang='lat' dir='ltr'><strong>eam</strong></span> <span class='ocrx_word' id='word_1_155' title='bbox 2851 2253 2966 2318; x_wconf 90' lang='lat' dir='ltr'><strong>ad-</strong></span> 
     </span>
     <span class='ocr_line' id='line_1_19' title="bbox 246 2358 2965 2443; baseline 0 -20"><span class='ocrx_word' id='word_1_156' title='bbox 246 2359 784 2438; x_wconf 85' lang='lat' dir='ltr'><strong>ministraverint,</strong></span> <span class='ocrx_word' id='word_1_157' title='bbox 822 2360 1112 2424; x_wconf 84' lang='lat' dir='ltr'><strong>maxima</strong></span> <span class='ocrx_word' id='word_1_158' title='bbox 1156 2360 1229 2423; x_wconf 92' lang='lat' dir='ltr'><strong>in</strong></span> <span class='ocrx_word' id='word_1_159' title='bbox 1275 2358 1652 2424; x_wconf 88' lang='lat' dir='ltr'><strong>calamitate</strong></span> <span class='ocrx_word' id='word_1_160' title='bbox 1700 2360 1806 2439; x_wconf 90' lang='lat' dir='ltr'><strong>sit,</strong></span> <span class='ocrx_word' id='word_1_161' title='bbox 1856 2359 2120 2424; x_wconf 84' lang='lat' dir='ltr'><strong>beatam</strong></span> <span class='ocrx_word' id='word_1_162' title='bbox 2165 2358 2323 2424; x_wconf 84' lang='lat' dir='ltr'><strong>fore.</strong></span> <span class='ocrx_word' id='word_1_163' title='bbox 2372 2358 2539 2424; x_wconf 85' lang='lat' dir='ltr'><strong>Tum</strong></span> <span class='ocrx_word' id='word_1_164' title='bbox 2579 2366 2965 2443; x_wconf 87' lang='lat' dir='ltr'><strong>argumento</strong></span> 
     </span>
     <span class='ocr_line' id='line_1_20' title="bbox 246 2464 2965 2550; baseline 0.001 -21"><span class='ocrx_word' id='word_1_165' title='bbox 246 2473 317 2529; x_wconf 86' lang='lat' dir='ltr'><strong>ct</strong></span> <span class='ocrx_word' id='word_1_166' title='bbox 361 2486 659 2530; x_wconf 88' lang='lat' dir='ltr'><strong>sermone</strong></span> <span class='ocrx_word' id='word_1_167' title='bbox 708 2466 1147 2550; x_wconf 82' lang='lat' dir='ltr'><strong>pervestigato</strong></span> <span class='ocrx_word' id='word_1_168' title='bbox 1198 2465 1531 2530; x_wconf 89' lang='lat' dir='ltr'><strong>effecimus</strong></span> <span class='ocrx_word' id='word_1_169' title='bbox 1570 2464 1992 2531; x_wconf 85' lang='lat' dir='ltr'><strong>Alcibiadem</strong></span> <span class='ocrx_word' id='word_1_170' title='bbox 2041 2466 2376 2548; x_wconf 87' lang='lat' dir='ltr'><strong>dialogum</strong></span> <span class='ocrx_word' id='word_1_171' title='bbox 2415 2487 2548 2530; x_wconf 92' lang='lat' dir='ltr'><strong>non</strong></span> <span class='ocrx_word' id='word_1_172' title='bbox 2587 2488 2626 2531; x_wconf 89' lang='lat' dir='ltr'><strong>a</strong></span> <span class='ocrx_word' id='word_1_173' title='bbox 2662 2466 2965 2546; x_wconf 87' lang='lat' dir='ltr'><strong>Platone,</strong></span> 
     </span>
     <span class='ocr_line' id='line_1_21' title="bbox 246 2571 2970 2656; baseline 0 -19"><span class='ocrx_word' id='word_1_174' title='bbox 246 2573 364 2637; x_wconf 86' lang='lat' dir='ltr'><strong>sed</strong></span> <span class='ocrx_word' id='word_1_175' title='bbox 392 2572 477 2639; x_wconf 91' lang='lat' dir='ltr'><strong>ab</strong></span> <span class='ocrx_word' id='word_1_176' title='bbox 509 2573 909 2637; x_wconf 88' lang='lat' dir='ltr'><strong>Academico</strong></span> <span class='ocrx_word' id='word_1_177' title='bbox 941 2574 1227 2656; x_wconf 86' lang='lat' dir='ltr'><strong>quodam</strong></span> <span class='ocrx_word' id='word_1_178' title='bbox 1255 2571 1623 2656; x_wconf 85' lang='lat' dir='ltr'><strong>profectum</strong></span> <span class='ocrx_word' id='word_1_179' title='bbox 1654 2593 1818 2637; x_wconf 91' lang='lat' dir='ltr'><strong>esse.</strong></span> <span class='ocrx_word' id='word_1_180' title='bbox 1873 2574 2182 2655; x_wconf 90' lang='lat' dir='ltr'><strong>Denique</strong></span> <span class='ocrx_word' id='word_1_181' title='bbox 2213 2572 2292 2637; x_wconf 93' lang='lat' dir='ltr'><strong>de</strong></span> <span class='ocrx_word' id='word_1_182' title='bbox 2322 2579 2616 2655; x_wconf 89' lang='lat' dir='ltr'><strong>tempore</strong></span> <span class='ocrx_word' id='word_1_183' title='bbox 2645 2574 2970 2638; x_wconf 88' lang='lat' dir='ltr'><strong>nonnulla</strong></span> 
     </span>
     <span class='ocr_line' id='line_1_22' title="bbox 246 2675 3002 2763; baseline -0 -18"><span class='ocrx_word' id='word_1_184' title='bbox 246 2680 490 2745; x_wconf 88' lang='lat' dir='ltr'><strong>addere</strong></span> <span class='ocrx_word' id='word_1_185' title='bbox 538 2682 681 2745; x_wconf 88' lang='lat' dir='ltr'><strong>ausi</strong></span> <span class='ocrx_word' id='word_1_186' title='bbox 728 2700 981 2760; x_wconf 83' lang='lat' dir='ltr'><strong>sumus3</strong></span> <span class='ocrx_word' id='word_1_187' title='bbox 1053 2680 1249 2763; x_wconf 93' lang='lat' dir='ltr'><strong>quod,</strong></span> <span class='ocrx_word' id='word_1_188' title='bbox 1308 2702 1708 2763; x_wconf 88' lang='lat' dir='ltr'><strong>quamquam</strong></span> <span class='ocrx_word' id='word_1_189' title='bbox 1763 2679 1945 2744; x_wconf 87' lang='lat' dir='ltr'><strong>haud</strong></span> <span class='ocrx_word' id='word_1_190' title='bbox 1999 2680 2096 2745; x_wconf 89' lang='lat' dir='ltr'><strong>ita</strong></span> <span class='ocrx_word' id='word_1_191' title='bbox 2149 2679 2355 2744; x_wconf 90' lang='lat' dir='ltr'><strong>multo</strong></span> <span class='ocrx_word' id='word_1_192' title='bbox 2411 2685 2563 2763; x_wconf 89' lang='lat' dir='ltr'><strong>post</strong></span> <span class='ocrx_word' id='word_1_193' title='bbox 2616 2675 3002 2745; x_wconf 74' lang='lat' dir='ltr'><strong>Platonem&#39;</strong></span> 
     </span>
     <span class='ocr_line' id='line_1_23' title="bbox 245 2786 2969 2869; baseline -0 -18"><span class='ocrx_word' id='word_1_194' title='bbox 245 2794 575 2851; x_wconf 86' lang='lat' dir='ltr'><strong>mortuum</strong></span> <span class='ocrx_word' id='word_1_195' title='bbox 638 2786 932 2851; x_wconf 92' lang='lat' dir='ltr'><strong>libellum</strong></span> <span class='ocrx_word' id='word_1_196' title='bbox 997 2786 1237 2852; x_wconf 89' lang='lat' dir='ltr'><strong>litteris</strong></span> <span class='ocrx_word' id='word_1_197' title='bbox 1302 2786 1688 2851; x_wconf 88' lang='lat' dir='ltr'><strong>mandatum</strong></span> <span class='ocrx_word' id='word_1_198' title='bbox 1753 2807 1896 2851; x_wconf 89' lang='lat' dir='ltr'><strong>esse</strong></span> <span class='ocrx_word' id='word_1_199' title='bbox 1959 2786 2152 2851; x_wconf 90' lang='lat' dir='ltr'><strong>nobis</strong></span> <span class='ocrx_word' id='word_1_200' title='bbox 2217 2788 2681 2869; x_wconf 87' lang='lat' dir='ltr'><strong>persuasimus,</strong></span> <span class='ocrx_word' id='word_1_201' title='bbox 2749 2794 2969 2853; x_wconf 85' lang='lat' dir='ltr'><strong>tamen</strong></span> 
     </span>
     <span class='ocr_line' id='line_1_24' title="bbox 247 2888 2404 2975; baseline -0 -18"><span class='ocrx_word' id='word_1_202' title='bbox 247 2894 505 2958; x_wconf 89' lang='lat' dir='ltr'><strong>utinam</strong></span> <span class='ocrx_word' id='word_1_203' title='bbox 552 2893 959 2975; x_wconf 76' lang='lat' dir='ltr'><strong>gravioribus</strong></span> <span class='ocrx_word' id='word_1_204' title='bbox 1010 2894 1416 2975; x_wconf 86' lang='lat' dir='ltr'><strong>argumentis</strong></span> <span class='ocrx_word' id='word_1_205' title='bbox 1466 2900 1541 2957; x_wconf 87' lang='lat' dir='ltr'><strong>ut</strong></span> <span class='ocrx_word' id='word_1_206' title='bbox 1586 2894 1984 2975; x_wconf 80' lang='lat' dir='ltr'><strong>exquiratur,</strong></span> <span class='ocrx_word' id='word_1_207' title='bbox 2036 2888 2404 2975; x_wconf 85' lang='lat' dir='ltr'><strong>contingat!</strong></span> 
     </span>
    </p>
   </div>
   <div class='ocr_carea' id='block_1_3' title="bbox 1406 3110 1824 3119">
    <p class='ocr_par' dir='ltr' id='par_1_4' title="bbox 1406 3110 1824 3119">
     <span class='ocr_line' id='line_1_25' title="bbox 1406 3110 1824 3119; baseline 0 1990"><span class='ocrx_word' id='word_1_208' title='bbox 1406 3110 1824 3119; x_wconf 95' lang='lat' dir='ltr'><strong> </strong></span> 
     </span>
    </p>
   </div>
   <div class='ocr_carea' id='block_1_4' title="bbox 1159 3337 2082 3442">
    <p class='ocr_par' dir='ltr' id='par_1_5' title="bbox 1159 3337 2082 3442">
     <span class='ocr_line' id='line_1_26' title="bbox 1159 3337 2082 3442; baseline -0.001 -20"><span class='ocrx_word' id='word_1_209' title='bbox 1159 3339 1645 3441; x_wconf 82' lang='lat' dir='ltr'><strong>Conspectus</strong></span> <span class='ocrx_word' id='word_1_210' title='bbox 1702 3337 2082 3442; x_wconf 83' lang='lat' dir='ltr'><strong>capitum.</strong></span> 
     </span>
    </p>
   </div>
   <div class='ocr_carea' id='block_1_5' title="bbox 321 3461 2979 4282">
    <p class='ocr_par' dir='ltr' id='par_1_6' title="bbox 321 3461 2977 4015">
     <span class='ocr_line' id='line_1_27' title="bbox 2793 3461 2976 3515; baseline -0.005 -12"><span class='ocrx_word' id='word_1_211' title='bbox 2793 3461 2976 3515; x_wconf 78' lang='lat' dir='ltr'><strong>Pagina</strong></span> 
     </span>
     <span class='ocr_line' id='line_1_28' title="bbox 464 3534 2970 3591; baseline 0 -4"><span class='ocrx_word' id='word_1_212' title='bbox 464 3534 777 3587; x_wconf 85' lang='lat' dir='ltr'><strong>Exordium</strong></span> <span class='ocrx_word' id='word_1_213' title='bbox 825 3575 2842 3591; x_wconf 87' lang='grc'><strong>.............................</strong></span> <span class='ocrx_word' id='word_1_214' title='bbox 2944 3535 2970 3587; x_wconf 98' lang='grc'>1</span> 
     </span>
     <span class='ocr_line' id='line_1_29' title="bbox 382 3641 2977 3711; baseline -0.001 -16"><span class='ocrx_word' id='word_1_215' title='bbox 382 3642 429 3695; x_wconf 92' lang='grc' dir='ltr'><strong>Ι.</strong></span> <span class='ocrx_word' id='word_1_216' title='bbox 468 3642 770 3711; x_wconf 86' lang='lat' dir='ltr'><strong>Dispositio</strong></span> <span class='ocrx_word' id='word_1_217' title='bbox 809 3641 1023 3710; x_wconf 85' lang='lat' dir='ltr'><strong>dialogi</strong></span> <span class='ocrx_word' id='word_1_218' title='bbox 1109 3681 2842 3697; x_wconf 90' lang='grc'><strong>.........................</strong></span> <span class='ocrx_word' id='word_1_219' title='bbox 2944 3642 2977 3693; x_wconf 87' lang='grc'><strong>6</strong></span> 
     </span>
     <span class='ocr_line' id='line_1_30' title="bbox 350 3747 2977 3817; baseline -0 -15"><span class='ocrx_word' id='word_1_220' title='bbox 350 3748 427 3803; x_wconf 95' lang='lat' dir='ltr'><strong>II.</strong></span> <span class='ocrx_word' id='word_1_221' title='bbox 466 3747 621 3817; x_wconf 80' lang='lat' dir='ltr'><strong>Quae</strong></span> <span class='ocrx_word' id='word_1_222' title='bbox 662 3749 901 3817; x_wconf 86' lang='lat' dir='ltr'><strong>scriptor</strong></span> <span class='ocrx_word' id='word_1_223' title='bbox 939 3749 995 3801; x_wconf 88' lang='lat' dir='ltr'><strong>in</strong></span> <span class='ocrx_word' id='word_1_224' title='bbox 1030 3748 1139 3802; x_wconf 89' lang='lat' dir='ltr'><strong>hoc</strong></span> <span class='ocrx_word' id='word_1_225' title='bbox 1179 3747 1405 3817; x_wconf 82' lang='lat' dir='ltr'><strong>dialogo</strong></span> <span class='ocrx_word' id='word_1_226' title='bbox 1446 3747 1796 3801; x_wconf 90' lang='lat' dir='ltr'><strong>conficiendo</strong></span> <span class='ocrx_word' id='word_1_227' title='bbox 1834 3749 1940 3801; x_wconf 88' lang='lat' dir='ltr'><strong>sibi</strong></span> <span class='ocrx_word' id='word_1_228' title='bbox 1978 3750 2326 3817; x_wconf 86' lang='lat' dir='ltr'><strong>proposuerit</strong></span> <span class='ocrx_word' id='word_1_229' title='bbox 2401 3790 2842 3803; x_wconf 91' lang='grc'><strong>.......</strong></span> <span class='ocrx_word' id='word_1_230' title='bbox 2912 3749 2977 3802; x_wconf 85' lang='grc'><strong>12</strong></span> 
     </span>
     <span class='ocr_line' id='line_1_31' title="bbox 321 3854 2976 3925; baseline -0 -15"><span class='ocrx_word' id='word_1_231' title='bbox 321 3856 427 3911; x_wconf 92' lang='lat'><strong>111.</strong></span> <span class='ocrx_word' id='word_1_232' title='bbox 465 3855 621 3925; x_wconf 80' lang='lat' dir='ltr'><strong>Quae</strong></span> <span class='ocrx_word' id='word_1_233' title='bbox 662 3857 719 3908; x_wconf 90' lang='lat' dir='ltr'><strong>in</strong></span> <span class='ocrx_word' id='word_1_234' title='bbox 755 3855 864 3908; x_wconf 92' lang='lat' dir='ltr'><strong>hoc</strong></span> <span class='ocrx_word' id='word_1_235' title='bbox 903 3855 1131 3925; x_wconf 84' lang='lat' dir='ltr'><strong>dialogo</strong></span> <span class='ocrx_word' id='word_1_236' title='bbox 1171 3872 1203 3907; x_wconf 84' lang='lat' dir='ltr'><strong>a</strong></span> <span class='ocrx_word' id='word_1_237' title='bbox 1240 3854 1493 3909; x_wconf 84' lang='lat' dir='ltr'><strong>Pla-tonis</strong></span> <span class='ocrx_word' id='word_1_238' title='bbox 1529 3855 1777 3909; x_wconf 89' lang='lat' dir='ltr'><strong>moribus</strong></span> <span class='ocrx_word' id='word_1_239' title='bbox 1816 3859 1982 3923; x_wconf 82' lang='lat' dir='ltr'><strong>atque</strong></span> <span class='ocrx_word' id='word_1_240' title='bbox 2023 3856 2420 3909; x_wconf 85' lang='lat' dir='ltr'><strong>consuetudine</strong></span> <span class='ocrx_word' id='word_1_241' title='bbox 2461 3856 2840 3910; x_wconf 87' lang='lat' dir='ltr'><strong>abhorreant.</strong></span> <span class='ocrx_word' id='word_1_242' title='bbox 2910 3856 2976 3909; x_wconf 79' lang='lat'><strong>18</strong></span> 
     </span>
     <span class='ocr_line' id='line_1_32' title="bbox 566 3944 2976 4015; baseline 0 -18"><span class='ocrx_word' id='word_1_243' title='bbox 566 3946 636 3998; x_wconf 90' lang='lat' dir='ltr'><strong>A.</strong></span> <span class='ocrx_word' id='word_1_244' title='bbox 678 3946 759 3998; x_wconf 87' lang='lat' dir='ltr'><strong>De</strong></span> <span class='ocrx_word' id='word_1_245' title='bbox 798 3946 1075 3999; x_wconf 80' lang='lat' dir='ltr'><strong>exteriore</strong></span> <span class='ocrx_word' id='word_1_246' title='bbox 1111 3944 1313 3997; x_wconf 71' lang='lat' dir='ltr'><strong>habim</strong></span> <span class='ocrx_word' id='word_1_247' title='bbox 1349 3949 1407 3997; x_wconf 88' lang='lat' dir='ltr'><strong>et</strong></span> <span class='ocrx_word' id='word_1_248' title='bbox 1446 3949 1649 3998; x_wconf 84' lang='lat' dir='ltr'><strong>ornatu</strong></span> <span class='ocrx_word' id='word_1_249' title='bbox 1688 3945 1902 4015; x_wconf 84' lang='lat' dir='ltr'><strong>dialogi</strong></span> <span class='ocrx_word' id='word_1_250' title='bbox 1970 3985 2840 4000; x_wconf 87' lang='lat'><strong>.............</strong></span> <span class='ocrx_word' id='word_1_251' title='bbox 2911 3946 2976 3997; x_wconf 73' lang='lat'><strong>18</strong></span> 
     </span>
    </p>

    <p class='ocr_par' dir='ltr' id='par_1_7' title="bbox 576 4034 2979 4282">
     <span class='ocr_line' id='line_1_33' title="bbox 576 4034 2844 4103; baseline -0.001 -15"><span class='ocrx_word' id='word_1_252' title='bbox 576 4035 637 4088; x_wconf 91' lang='grc' dir='ltr'><strong>Β.</strong></span> <span class='ocrx_word' id='word_1_253' title='bbox 678 4035 760 4088; x_wconf 90' lang='lat' dir='ltr'><strong>De</strong></span> <span class='ocrx_word' id='word_1_254' title='bbox 807 4034 1053 4089; x_wconf 87' lang='lat' dir='ltr'><strong>moribus</strong></span> <span class='ocrx_word' id='word_1_255' title='bbox 1100 4050 1309 4101; x_wconf 89' lang='lat' dir='ltr'><strong>eorum,</strong></span> <span class='ocrx_word' id='word_1_256' title='bbox 1358 4035 1451 4103; x_wconf 90' lang='lat' dir='ltr'><strong>qui</strong></span> <span class='ocrx_word' id='word_1_257' title='bbox 1499 4035 1558 4087; x_wconf 89' lang='lat' dir='ltr'><strong>in</strong></span> <span class='ocrx_word' id='word_1_258' title='bbox 1604 4034 1904 4087; x_wconf 84' lang='lat' dir='ltr'><strong>Alcibiade</strong></span> <span class='ocrx_word' id='word_1_259' title='bbox 1952 4038 2010 4087; x_wconf 87' lang='lat' dir='ltr'><strong>et</strong></span> <span class='ocrx_word' id='word_1_260' title='bbox 2057 4034 2456 4102; x_wconf 84' lang='lat' dir='ltr'><strong>colloquuntur</strong></span> <span class='ocrx_word' id='word_1_261' title='bbox 2501 4039 2557 4086; x_wconf 83' lang='lat' dir='ltr'><strong>et</strong></span> <span class='ocrx_word' id='word_1_262' title='bbox 2606 4049 2844 4087; x_wconf 87' lang='lat' dir='ltr'><strong>comme-</strong></span> 
     </span>
     <span class='ocr_line' id='line_1_34' title="bbox 750 4123 2979 4178; baseline -0 -1"><span class='ocrx_word' id='word_1_263' title='bbox 750 4128 1045 4177; x_wconf 85' lang='lat' dir='ltr'><strong>morantur</strong></span> <span class='ocrx_word' id='word_1_264' title='bbox 1114 4164 2842 4178; x_wconf 87' lang='grc'><strong>.........................</strong></span> <span class='ocrx_word' id='word_1_265' title='bbox 2909 4123 2979 4176; x_wconf 84' lang='grc'><strong>20</strong></span> 
     </span>
     <span class='ocr_line' id='line_1_35' title="bbox 580 4212 2977 4282; baseline -0 -17"><span class='ocrx_word' id='word_1_266' title='bbox 580 4212 641 4265; x_wconf 81' lang='lat' dir='ltr'><strong>C.</strong></span> <span class='ocrx_word' id='word_1_267' title='bbox 684 4214 764 4265; x_wconf 91' lang='lat' dir='ltr'><strong>De</strong></span> <span class='ocrx_word' id='word_1_268' title='bbox 801 4215 1070 4266; x_wconf 81' lang='lat' dir='ltr'><strong>materiae</strong></span> <span class='ocrx_word' id='word_1_269' title='bbox 1107 4215 1275 4282; x_wconf 87' lang='lat' dir='ltr'><strong>ipsius</strong></span> <span class='ocrx_word' id='word_1_270' title='bbox 1313 4215 1654 4265; x_wconf 72' lang='lat' dir='ltr'><strong>tract-atione</strong></span> <span class='ocrx_word' id='word_1_271' title='bbox 1684 4254 2841 4267; x_wconf 90' lang='grc'><strong>.................</strong></span> <span class='ocrx_word' id='word_1_272' title='bbox 2910 4212 2977 4264; x_wconf 85' lang='grc'><strong>27</strong></span> 
     </span>
    </p>
   </div>
   <div class='ocr_carea' id='block_1_6' title="bbox 325 4302 2983 4587">
    <p class='ocr_par' dir='ltr' id='par_1_8' title="bbox 325 4302 2983 4587">
     <span class='ocr_line' id='line_1_36' title="bbox 684 4302 2979 4372; baseline -0.001 -17"><span class='ocrx_word' id='word_1_273' title='bbox 684 4303 763 4356; x_wconf 88' lang='lat' dir='ltr'><strong>De</strong></span> <span class='ocrx_word' id='word_1_274' title='bbox 802 4304 1093 4372; x_wconf 82' lang='lat' dir='ltr'><strong>particulis</strong></span> <span class='ocrx_word' id='word_1_275' title='bbox 1131 4304 1381 4371; x_wconf 84' lang='lat' dir='ltr'><strong>quaestio</strong></span> <span class='ocrx_word' id='word_1_276' title='bbox 1473 4342 2844 4357; x_wconf 88' lang='grc'><strong>....................</strong></span> <span class='ocrx_word' id='word_1_277' title='bbox 2910 4302 2979 4353; x_wconf 82' lang='lat'><strong>35</strong></span> 
     </span>
     <span class='ocr_line' id='line_1_37' title="bbox 325 4408 2978 4479; baseline -0.001 -16"><span class='ocrx_word' id='word_1_278' title='bbox 325 4410 429 4464; x_wconf 90' lang='lat' dir='ltr'><strong>IV.</strong></span> <span class='ocrx_word' id='word_1_279' title='bbox 468 4409 681 4479; x_wconf 80' lang='lat' dir='ltr'><strong>Quibus</strong></span> <span class='ocrx_word' id='word_1_280' title='bbox 727 4410 864 4463; x_wconf 87' lang='lat' dir='ltr'><strong>locis</strong></span> <span class='ocrx_word' id='word_1_281' title='bbox 910 4412 1149 4478; x_wconf 85' lang='lat' dir='ltr'><strong>scriptor</strong></span> <span class='ocrx_word' id='word_1_282' title='bbox 1196 4411 1253 4462; x_wconf 91' lang='lat' dir='ltr'><strong>in</strong></span> <span class='ocrx_word' id='word_1_283' title='bbox 1292 4410 1590 4463; x_wconf 86' lang='lat' dir='ltr'><strong>Alcibiade</strong></span> <span class='ocrx_word' id='word_1_284' title='bbox 1631 4408 1978 4464; x_wconf 87' lang='lat' dir='ltr'><strong>conficiendo</strong></span> <span class='ocrx_word' id='word_1_285' title='bbox 2017 4427 2142 4463; x_wconf 87' lang='lat' dir='ltr'><strong>usus</strong></span> <span class='ocrx_word' id='word_1_286' title='bbox 2179 4409 2268 4461; x_wconf 84' lang='lat' dir='ltr'><strong>vel</strong></span> <span class='ocrx_word' id='word_1_287' title='bbox 2309 4426 2444 4477; x_wconf 90' lang='lat' dir='ltr'><strong>quos</strong></span> <span class='ocrx_word' id='word_1_288' title='bbox 2484 4409 2734 4461; x_wconf 85' lang='lat' dir='ltr'><strong>imitatus</strong></span> <span class='ocrx_word' id='word_1_289' title='bbox 2771 4409 2842 4461; x_wconf 85' lang='lat' dir='ltr'><strong>sit</strong></span> <span class='ocrx_word' id='word_1_290' title='bbox 2909 4408 2978 4461; x_wconf 87' lang='grc'><strong>49</strong></span> 
     </span>
     <span class='ocr_line' id='line_1_38' title="bbox 362 4516 2983 4587; baseline -0.001 -16"><span class='ocrx_word' id='word_1_291' title='bbox 362 4516 430 4571; x_wconf 86' lang='lat' dir='ltr'><strong>V.</strong></span> <span class='ocrx_word' id='word_1_292' title='bbox 470 4516 594 4586; x_wconf 76' lang='lat' dir='ltr'><strong>Quo</strong></span> <span class='ocrx_word' id='word_1_293' title='bbox 632 4522 881 4586; x_wconf 85' lang='lat' dir='ltr'><strong>tempore</strong></span> <span class='ocrx_word' id='word_1_294' title='bbox 920 4517 1178 4586; x_wconf 83' lang='lat' dir='ltr'><strong>dialogus</strong></span> <span class='ocrx_word' id='word_1_295' title='bbox 1216 4518 1560 4587; x_wconf 83' lang='lat' dir='ltr'><strong>conscriptus</strong></span> <span class='ocrx_word' id='word_1_296' title='bbox 1597 4518 1667 4571; x_wconf 87' lang='lat' dir='ltr'><strong>sit</strong></span> <span class='ocrx_word' id='word_1_297' title='bbox 1764 4557 2845 4571; x_wconf 91' lang='grc'><strong>................</strong></span> <span class='ocrx_word' id='word_1_298' title='bbox 2915 4516 2983 4569; x_wconf 85' lang='grc'><strong>64</strong></span> 
     </span>
    </p>
   </div>
  </div>
 </body>
</html>
