3567 5109
1449 298 1889 361 *73—

305 508 453 573 bori
520 508 1097 591 supersedendum.
1182 509 1416 592 Neque
1482 515 1655 574 enim
1722 515 1820 575 vir
1872 510 1983 575 ille
2034 512 2268 577 doctus
2323 518 2526 577 tantis
2575 515 2909 579 erroribus
2959 536 3028 579 se

305 600 794 697 implicarisset,
844 620 899 679 si
944 620 1315 681 accuratius
1360 616 1641 683 Crecelii
1686 625 2080 701 argumenta
2125 625 2577 702 perscrutatus
2625 628 2814 685 esset.

290 800 295 806 ⁵
521 722 749 808 Atque
806 722 1051 788 codicis
1106 722 1468 789 Bernensis
1524 724 1948 808 phototypica
2004 726 2312 804 editione,
2373 731 2686 811 quoniam
2742 727 2896 792 inde
2945 728 3028 793 ab

308 852 365 894 a.
391 832 561 895 1897
592 830 781 895 nobis
810 836 1075 913 praesto
1097 836 1216 909 est,
1238 834 1338 895 uti
1366 853 1499 896 non
1528 832 1963 916 negleximus3
1996 854 2210 915 neque
2241 854 2319 897 ea
2349 834 2580 914 solum,
2610 857 2778 917 quae
2801 835 3027 899 Herm.

308 937 551 1019 Hagen
595 942 665 1001 in
712 937 906 1001 huius
954 937 1264 1001 editionis
1302 939 1721 1021 praefatione
1759 945 1826 1003 et
1863 938 2060 1004 alibi¹
2100 939 2395 1023 protulit,
2444 941 2560 1005 sed
2591 946 2808 1021 etiam,
2859 962 3028 1024 quae

309 1065 459 1108 cum
524 1044 659 1123 alii,
728 1050 868 1109 tum
915 1044 1189 1109 Κο1101·2
1243 1052 1311 1109 et
1357 1046 1440 1109 A.
1480 1038 1771 1111 Reuter³
1829 1046 1909 1111 de
1966 1046 2092 1111 hoc
2140 1047 2364 1112 codice
2413 1055 2877 1131 exposuerant,
2925 1070 3028 1112 re-

307 1156 656 1248 speximus.
705 1150 915 1217 Plura
962 1151 1043 1216 de
1091 1156 1231 1216 eius
1278 1158 1517 1231 aetate,
1564 1152 1866 1231 historia,
1917 1156 2128 1235 pretio
2179 1154 2472 1237 proferre
2520 1154 2830 1219 hocloco
2879 1161 3031 1237 post

306 1266 407 1323 tot
450 1263 740 1325 virorum
787 1259 1317 1324 doctissimorum
1366 1260 1585 1325 studia-
1633 1282 2192 1343 supervacaneum
2239 1283 2380 1326 esse
2430 1263 2750 1327 duximus.
2828 1262 3030 1327 Suffi-

308 1367 439 1431 ciat
504 1386 1048 1431 commemorasse
1115 1366 1407 1431 codicem
1453 1365 1821 1432 Mediolani
1883 1370 1952 1432 in
2021 1370 2420 1433 monasterio
2489 1390 2534 1434 s,
2593 1368 2934 1434 Ambrosii
2991 1392 3030 1433 a

308 1474 628 1538 monacho
678 1472 877 1539 Scoto
935 1480 1087 1556 post
1142 1474 1425 1538 mediam
1470 1494 1637 1537 saec.
1686 1472 1815 1538 IX.
1862 1480 2117 1557 partem
2173 1482 2510 1540 exaratum
2570 1496 2712 1541 esse
2760 1476 3028 1559 eiusque

306 1580 482 1645 foliis
554 1583 675 1646 197
744 1581 1065 1644 contineri
1118 1580 1321 1645 libros
1377 1581 1728 1645 maximam
1794 1588 2047 1664 partem
2112 1582 2378 1647 mutilos
2437 1583 2848 1665 scriptorum,
2919 1584 3028 1667 qui

307 1694 373 1753 et
437 1694 653 1753 aetate
718 1694 784 1752 et
846 1690 1123 1752 scientia
1180 1709 1377 1771 quam
1433 1688 1711 1753 maxime
1768 1689 1942 1753 inter
1993 1710 2063 1752 se
2113 1688 2439 1753 differunt.
2543 1689 2675 1766 Qm:
2718 1692 2910 1755 codex
2953 1713 3032 1753 ar

307 1798 632 1873 omnibu&
679 1816 842 1878 quos
879 1795 1189 1860 Halmius
1227 1794 1545 1876 adhibuit,
1594 1796 1918 1861 codicibus
1953 1798 2131 1861 solus
2165 1804 2278 1875 est,
2329 1796 2440 1879 qui
2479 1803 2810 1861 auctorem
2849 1796 3028 1879 frag-

311 1903 531 1980 menti,
588 1902 666 1966 de
724 1924 853 1985 quo
920 1904 1193 1985 agimus,
1260 1903 1499 1985 prodit,
1558 1923 1704 1966 cum
1763 1902 2078 1985 opusculo
2135 1902 2301 1967 haec
2347 1902 2546 1967 verba
2591 1904 2660 1966 in
2707 1901 2814 1967 fol.
2859 1904 3026 1968 160v

310 2012 399 2091 (p.
440 2012 597 2093 320)
644 2010 1029 2091 praemittit:
1078 2012 1244 2075 Item
1290 2011 1551 2075 Aurelii
1594 2012 1958 2094 Auyustz'ni
2001 2012 2074 2073 de
2119 2011 2454 2075 rhetorica.

523 2117 759 2198 Itaque
808 2124 1101 2181 nostrum
1150 2122 1267 2195 est,
1335 2122 1409 2181 ut
1454 2117 1920 2195 examinemuS,
1989 2117 2218 2199 quanti
2272 2116 2436 2182 haec
2481 2115 2682 2183 verba
2729 2116 3029 2181 facienda

310 2223 457 2287 sint.
548 2223 725 2287 Nam
771 2225 840 2287 in
888 2245 964 2288 eo
1014 2244 1238 2287 omnes
1286 2224 1405 2287 viri
1453 2224 1629 2288 docti
1677 2223 2099 2288 consentiunt
2145 2224 2444 2288 codicum
2489 2222 3028 2305 inscriptionibus

309 2351 507 2412 saepe
556 2351 825 2412 parvam
873 2330 975 2395 vel
1021 2330 1269 2395 nullam
1316 2330 1511 2395 fidem
1558 2330 1977 2395 tribuendam
2015 2351 2178 2409 esse,
2229 2331 2284 2394 si
2323 2331 2496 2395 adsit
2534 2330 2818 2412 suspicio
2858 2351 3026 2407 eum,

308 2438 419 2518 qui
468 2438 758 2502 codicem
805 2438 1087 2520 scripsit,
1154 2458 1287 2502 non
1334 2439 1709 2503 vetustioris
1766 2438 2012 2503 codicis
2067 2436 2352 2502 indicem
2400 2437 2844 2521 descripsisse,
2911 2436 3030 2501 sed

308 2564 388 2607 ex
434 2546 796 2624 sententiis„
846 2568 1013 2628 quae
1059 2544 1229 2610 libro
1276 2545 1420 2628 ipso
1470 2547 1982 2623 continerentur,
2031 2543 2294 2609 titulum
2334 2543 2458 2608 sibi
2497 2542 2782 2608 finxisse.
2833 2542 3028 2627 Quod

306 2651 374 2714 in
424 2651 646 2715 codice
695 2651 1019 2716 Bernensi
1066 2650 1377 2716 facillime
1424 2651 1565 2715 fieri
1611 2653 1908 2735 potuisse
1958 2652 2210 2733 opinor.

524 2756 670 2841 Quo
736 2760 805 2822 in
870 2758 1038 2823 libro
1105 2760 1551 2841 manuscripto
1619 2758 1790 2823 hanc
1857 2765 2062 2822 artem
2128 2757 2523 2824 rhetoricam
2587 2757 3030 2839 fragmentum

309 2864 644 2946 quoddam
702 2864 1083 2931 dialecticae
1148 2867 1505 2949 praecedit,
1574 2868 1757 2931 cuius
1822 2866 1890 2929 in
1949 2867 2163 2947 capite
2211 2865 2392 2931 VII⁴
2446 2865 2609 2929 haec
2667 2863 2866 2927 verba
2920 2885 3026 2927 ex·

308 2977 516 3035 stant:
577 2974 723 3037 Iam
767 2996 914 3037 vcro
958 2996 1092 3039 non
1140 2976 1491 3038 secundum
1534 2996 1620 3052 se,
1667 2974 1779 3037 sed
1821 2974 2178 3038 secundum
2214 2973 2287 3035 fid
2319 2974 2492 3056 qnod
2524 2973 2858 3056 siynifi'mt
2899 2993 3029 3035 rer-

308 3080 465 3142 Imm
514 3086 734 3159 movet,
781 3082 1041 3164 quando
1077 3102 1202 3165 per
1246 3102 1475 3145 aurem
1520 3086 1769 3164 accepto
1815 3080 2000 3163 siva
2047 3080 2314 3143 animus
2359 3080 2534 3143 nihil
2585 3080 2772 3142 aliud
2831 3099 3026 3162 quam

308 3208 445 3251 rem·
506 3188 723 3271 ipsam
783 3188 1100 3265 intuetur,
1167 3189 1357 3251 euius
1420 3189 1590 3251 illud
1648 3187 1914 3271 siqmcm
1977 3193 2088 3265 est,
2155 3188 2326 3270 quod
2385 3187 2660 3271 accepit:
2727 3193 2812 3250 ut
2864 3208 3027 3250 cum

312 3295 752 3378 Auysustino
808 3295 1207 3359 nominato
1262 3295 1474 3358 nihil
1526 3295 1753 3358 aliud
1796 3315 2022 3378 quam
2077 3315 2203 3377 090
2247 3294 2410 3377 ipse.
2457 3295 2884 3378 coyv'torab
2931 3316 3028 3371 (³0,

306 3402 437 3467 cm?
480 3407 711 3465 notus
755 3422 937 3464 sum.

268 3594 271 3599 Ι
525 3507 649 3573 Cui
697 3529 871 3587 vero,
922 3509 1035 3590 qui
1078 3508 1205 3572 hoc
1244 3506 1684 3591 fragmentum
1722 3506 2108 3572 dialecticae
2147 3508 2230 3571 iis
2269 3507 2682 3590 potissimum
2718 3506 3032 3589 tempori-

307 3614 453 3693 bus,
497 3614 735 3697 quibus
782 3637 831 3679 s.
879 3614 1239 3698 Augustini
1284 3636 1525 3679 nomen
1578 3616 1710 3679 iam
1756 3622 1897 3680 toto
1958 3614 2113 3680 orbe
2159 3620 2482 3679 terrarum
2527 3636 2838 3697 magnum
2885 3612 3029 3692 fuit,

307 3720 469 3805 legit
496 3728 561 3785 et
590 3722 677 3786 ad
713 3721 931 3801 verba,
974 3742 1141 3805 quae
1181 3722 1373 3787 modo
1414 3722 1771 3801 attulimus,
1815 3722 2114 3800 attendit,
2152 3721 2277 3800 cui,
2319 3743 2584 3804 quaeso,
2621 3744 2754 3785 non
2794 3728 3028 3803 sponte

306 3828 377 3891 in
424 3834 709 3892 mentem
756 3830 935 3892 venit
980 3827 1387 3911 opusculum,
1436 3829 1613 3911 quod
1654 3830 1955 3893 manibus
2002 3835 2262 3907 tereret,
2301 3827 2384 3892 ab
2424 3830 2550 3892 hoc
2589 3828 3030 3909 conscriptum

306 3934 495 4000 esse?
543 3933 719 4018 Quid
765 3936 967 4017 igitur
1004 3938 1238 3999 mirum
1277 3942 1395 4014 est,
1447 3936 1624 4018 quod
1662 3935 2183 4000 Mediolanensis
2223 3936 2605 4001 monasterii
2643 3934 3024 4013 monachuS,

306 4043 408 4106 cui
461 4064 507 4105 S.
556 4042 917 4125 Augustini
961 4043 1115 4121 vita,
1165 4043 1429 4125 scripta,
1480 4042 1699 4107 studia
1746 4050 1936 4108 erant
1981 4044 2342 4121 notissima,
2393 4042 2496 4105 cui
2544 4042 2690 4124 ipsa
2737 4040 2903 4117 loca,
2961 4042 3030 4103 in

526 4275 546 4309 ¹
582 4275 652 4327 In
690 4275 947 4343 catalogo
987 4274 1243 4327 codicum
1280 4273 1647 4327 Bernensium
1685 4273 1876 4341 (Bern.
1919 4274 2098 4341 1875),
2146 4290 2198 4341 p.
2229 4274 2332 4327 347
2372 4289 2522 4340 seqq.
2579 4269 2664 4325 Of.
2705 4288 2844 4338 quae
2885 4270 3032 4323 idem

305 4364 593 4433 praefatus
630 4368 715 4418 est
752 4365 810 4416 in
846 4363 1009 4415 huius
1048 4363 1253 4417 codicis
1292 4364 1534 4417 editione
1573 4380 1629 4430 p.
1657 4362 1737 4415 II.
1775 4362 2033 4429 (Codices
2061 4361 2267 4415 Gra-eei
2300 4366 2348 4413 et
2383 4359 2588 4413 Lat-ini
2615 4360 3032 4428 photoqraplu'ee

303 4454 513 4523 depicti
546 4454 703 4507 Tom.
743 4452 841 4517 IL,
878 4451 1143 4520 Lugduni
1178 4451 1523 4507 Batavorum
1564 4452 1742 4518 1897).

524 4542 547 4576 ²
581 4543 651 4596 In
686 4542 847 4607 libro,
905 4543 993 4594 cui
1040 4542 1209 4595 index
1256 4547 1365 4596 est:
1434 4541 1864 4608 ‘Mitt-eilungen
1911 4540 2008 4593 der
2055 4538 2507 4607 antiquarischen
2554 4537 2927 4592 Gesellschaft
2977 4540 3034 4591 in

308 4632 559 4698 Ziirieh’‚
598 4631 687 4685 VI
724 4632 793 4686 88
831 4650 911 4699 sq.

525 4722 546 4756 ³
580 4721 652 4773 In
688 4720 933 4774 Hermae
973 4718 1175 4773 XXIV
1218 4720 1516 4773 161—184.

523 4810 545 4843 ⁴
582 4810 667 4863 ed.
706 4810 861 4862 Creo.
901 4826 954 4877 p.
988 4808 1069 4862 13.
