3567 5109
1687 298 2170 362 -156—

565 511 828 593 scripsit
881 509 1124 576 collato
1179 509 1385 575 Ennii
1439 532 1628 575 versu
1688 509 1892 592 (Ann.
1933 513 2060 576 225
2101 510 2249 596 V.²)
2294 513 2611 576 mulserat
2654 513 2781 576 hue
2824 532 3061 576 navem
3103 531 3293 574 eom-

554 619 827 701 pulsam
869 618 1178 702 fluetibus
1216 624 1464 702 pontus
1515 619 1612 682 ita
1665 618 2137 700 interpretatus
2182 615 2453 698 (Coroll.
2500 639 2565 700 p.
2606 616 2895 700 LVHD:
2952 618 3295 702 fluetibus,

563 726 724 788 dum
757 725 1066 808 procedit,
1125 726 1354 790 len-iter
1399 731 1569 791 taeta
1611 731 1805 810 atque
1849 726 2159 809 impulsa.
2248 723 2435 809 Quae
2480 725 2650 790 ratio
2698 724 2859 789 mihi
2904 723 3291 790 claudicare

563 830 840 895 videtur.
887 830 1180 896 Primum
1219 831 1391 896 enim
1427 831 1610 897 notio
1649 830 1974 896 mulcendi
2002 831 2197 896 nimis
2227 831 2601 896 extenditur
2624 852 2841 915 neque
2870 831 2940 896 id
2966 831 3291 906 Enniano

564 937 859 1021 exemplo
908 944 1276 1019 excusatur,
1323 938 1437 1002 ubi
1483 940 1887 1023 compulsam
1931 939 2241 1023 fluetibus
2288 937 2619 1003 adjectum
2655 945 2781 1019 est;
2831 938 3067 1004 deinde
3106 959 3296 1003 com-

561 1045 822 1126 paratio
868 1066 1002 1110 non
1052 1051 1205 1128 apte
1253 1066 1559 1129 expressa
1606 1051 1797 1110 esset.
1846 1043 2026 1109 Nam
2067 1043 2417 1127 delphinus
2456 1051 2521 1108 et
2545 1045 2731 1110 navis
2759 1044 3077 1110 hactenus
3107 1066 3287 1109 com-

566 1151 790 1233 parari
839 1156 1137 1234 possunt,
1189 1152 1366 1235 quod
1404 1157 1470 1216 et
1505 1150 1616 1216 ille
1665 1157 1730 1216 et
1766 1151 1931 1216 haec
1970 1157 2181 1216 rostro
2219 1152 2391 1216 viam
2428 1151 2554 1216 sibi
2592 1173 2710 1234 per
2736 1173 2943 1235 aquas
2971 1151 3160 1232 facit;
3208 1158 3293 1216 ut

559 1279 711 1322 vero
759 1257 1058 1324 Ribbeck
1121 1257 1320 1323 verba
1379 1258 1742 1338 constituit,
1808 1259 2041 1324 rostris
2107 1257 2565 1342 delphinorum
2631 1257 2837 1324 altum
2900 1259 3285 1342 respondet.

556 1364 787 1448 Atque
832 1385 912 1430 eo
957 1364 1270 1430 libentius
1317 1371 1601 1430 veterem
1649 1365 2048 1448 opinionem,
2115 1386 2244 1448 qua
2300 1367 2457 1430 item
2498 1366 2636 1430 alia
2678 1367 2892 1431 multa
2938 1365 3287 1432 Ciceronis

556 1472 765 1555 ipsius
821 1471 1019 1536 verba
1073 1471 1510 1551 habebantur,
1568 1471 2017 1552 retinebimus,
2076 1471 2256 1555 quod
2302 1493 2446 1536 eam
2491 1493 2704 1556 nuper
2750 1472 2909 1538 Otto
2956 1471 3285 1556 Plasberg

557 1578 626 1642 in
679 1579 1000 1643 Vindicii-s·
1050 1579 1375 1643 Tullianis·
1391 1580 1412 1616 ¹
1457 1577 1835 1644 felicissime
1884 1577 2197 1643 defendit.

771 1684 1078 1768 Denique
1143 1684 1334 1749 valde
1400 1692 1776 1768 suspectum
1843 1690 1943 1749 est
2005 1683 2275 1750 verbum
2314 1684 2635 1769 sriyendi,
2703 1684 2787 1749 de
2834 1706 2964 1769 quo
3012 1686 3283 1752 Nonius

558 1813 618 1874 p.
660 1793 809 1871 308,
846 1795 885 1857 9
925 1791 1086 1856 haec
1123 1793 1468 1875 proponit:
1521 1793 1762 1876 ‘friqtt’
1803 1799 2093 1877 correpta
2118 1792 2348 1877 prima
2382 1793 2635 1876 syllaba
2668 1793 3003 1876 siqrzifi'eat
3036 1795 3278 1880 ‘eripit’

560 1897 689 1962 duo
729 1896 1030 1980 exempla
1066 1919 1145 1962 ex
1181 1897 1374 1963 Accii
1413 1897 1750 1981 Meleagro
1791 1904 2053 1981 sumpta
2091 1896 2519 1981 subiungens:
2568 1897 2638 1962 A
2659 1901 2787 1964 443
2833 1900 3025 1984 friyit
3065 1907 3282 1965 saetas

556 2007 787 2070 rubore
834 2027 910 2069 ex
953 2005 1158 2069 oeulis
1191 2005 1450 2090 fulyeus
1486 2006 1788 2090 flammeo
1826 2010 1893 2069 et
1918 2004 1985 2069 A
2006 2006 2131 2069 461
2163 2005 2357 2090 ᾒ·1”9ίΐ
2386 2005 2738 2089 fricantem
2775 2027 3011 2090 eorpus
3036 2029 3277 2072 saxum

556 2109 723 2191 (cod.
761 2115 1026 2194 aeuum)
1071 2113 1308 2176 occulte
1351 2112 1650 2180 abstruso
1693 2113 1770 2176 in
1816 2113 2110 2196 flumine.
2166 2110 2534 2176 Buecheler
2581 2111 2916 2195 quondam
2962 2112 3087 2177 hoc
3134 2134 3276 2177 ver·

555 2216 711 2281 bum
760 2238 936 2281 mero
984 2217 1188 2282 Nonii
1237 2219 1438 2283 errori
1483 2217 1716 2282 tribuit
1751 2224 1819 2282 et
1854 2217 2151 2283 Ribbeck
2185 2217 2327 2301 ipse
2362 2217 2609 2282 fatetur
2646 2217 2915 2299 (Coroll.
2955 2241 3015 2302 p.
3044 2219 3269 2300 LIX):

557 2323 691 2387 ‘vix
736 2345 842 2388 me
886 2324 1201 2402 continui,
1269 2325 1430 2408 quin
1477 2324 1951 2397 subscriberem
1966 2327 2000 2389 ’.
2085 2324 2311 2390 Nihilo
2368 2324 2584 2389 minus
2632 2346 2699 2389 se
2749 2326 3271 2391 emendationem

553 2430 637 2516 (v.
687 2434 844 2515 443)
915 2433 1107 2515 eriyit
1166 2431 1448 2515 probare
1524 2452 1715 2514 posse
1790 2438 1988 2514 negat
2060 2438 2329 2514 propter
2394 2430 2802 2498 Graecarum
2864 2431 3268 2498 locutionum

551 2541 832 2622 φρίσσειν
873 2543 1102 2622 τρίχας,
1147 2543 1362 2624 χαίτην
1407 2539 1920 2618 similitudinem,
1968 2560 2132 2623 quae
2176 2540 2257 2603 ab
2302 2540 2645 2604 audaciore
2678 2545 2873 2624 poeta
2920 2541 3272 2625 transferri

551 2645 827 2729 fortasse
869 2646 948 2710 in
991 2646 1269 2710 Latinos
1313 2668 1538 2710 versus
1574 2653 1809 2731 posset,
1854 2648 1885 2710 i
1888 2652 1953 2710 ta
1994 2653 2074 2710 ut
2118 2646 2411 2730 ‘fvv‘yere’
2459 2647 2630 2711 illud
2674 2653 2809 2710 tam
2840 2647 3268 2714 intransitiva

551 2773 752 2836 quam
799 2753 1150 2817 transitiva
1195 2754 1266 2818 vi
1307 2755 1493 2818 modo
1538 2755 1796 2818 horrere
1841 2755 1941 2818 vel
1983 2753 2269 2833 emitari,
2314 2754 2501 2818 modo
2545 2753 2821 2817 excitare
2864 2754 3129 2819 horrore
3172 2757 3271 2820 vel

551 2859 916 2924 horrentem
951 2860 1162 2944 faeere
1196 2859 1616 2944 siquife'earet,
1662 2860 1744 2924 ab
1777 2860 1893 2924 illo
1928 2865 2148 2924 autem
2182 2859 2472 2944 friyendi
2504 2859 2709 2941 verbo,
2747 2860 2919 2943 quod
2950 2881 2993 2925 a
3026 2861 3267 2946 friyore

551 2965 819 3029 ductum
865 2972 974 3048 est,
1023 2971 1086 3030 et
1117 2966 1379 3050 primae
1423 2967 1707 3051 syllabae
1744 2967 2053 3050 prosodia
2098 2972 2159 3030 et
2200 2965 2503 3048 flexionis
2536 2966 2906 3030 diversitate
2940 2967 3261 3034 dis-oem-

550 3077 751 3137 retur.
804 3070 938 3138 Sed
987 3073 1299 3155 quoniam
1345 3071 1528 3137 nullo
1579 3072 1708 3137 alio
1757 3073 2056 3156 exemplo
2110 3079 2300 3137 tanta
2344 3071 2613 3137 licentia
2658 3069 2996 3156 probatur,
3044 3076 3263 3158 potius

549 3176 887 3243 librarium
953 3178 1211 3261 lapsum
1275 3178 1512 3244 calami
1569 3180 1969 3244 commisisse
2022 3180 2105 3263 (F
2161 3200 2281 3262 pro
2335 3179 2426 3260 E)
2494 3181 2812 3263 suspicor,
2879 3183 3265 3266 praesertim

550 3305 696 3347 cum
745 3284 951 3349 altero
987 3283 1135 3351 loco
1173 3309 1231 3349 v.
1264 3288 1391 3352 461
1433 3307 1658 3352 omnes
1695 3286 1819 3351 hae
1858 3293 2031 3352 artes
2069 3284 2671 3352 collabefactentur.
2721 3287 2998 3355 ‘Saxum
3024 3309 3262 3373 corpus

549 3390 892 3461 fricantem
955 3391 1331 3456 horrentem
1394 3392 1588 3458 facit’
1655 3395 1762 3456 vix
1819 3394 2165 3477 quisquam
2220 3393 2520 3475 accipiet,
2587 3395 2715 3459 nisi
2768 3395 2941 3460 forte
2987 3396 3071 3462 de
3115 3395 3260 3461 loco

549 3496 1032 3580 desperaverit3·
1087 3499 1296 3582 er'iyit,
1355 3499 1534 3582 quod
1587 3499 1888 3564 Ribbeck
1952 3507 2151 3564 antea
2212 3501 2575 3583 temptavit,
2640 3523 2775 3567 non
2839 3502 3069 3568 melius
3134 3509 3257 3582 est3

545 3605 738 3689 fm‘qit
779 3604 1099 3688 fricatque
1141 3627 1378 3689 eorpus
1421 3613 1646 3670 atrum
1690 3629 1839 3671 occu
1847 3608 1927 3671 lte
1970 3607 2268 3671 abstruso
2311 3608 2387 3672 in
2432 3608 2727 3691 flumine,
2776 3614 2851 3673 ut
2894 3611 2993 3674 vir
3028 3610 3261 3677 doctus

548 3709 728 3793 apud
771 3710 1084 3778 Vossium
1129 3712 1376 3776 nodum
1424 3711 1634 3791 solvit,
1694 3711 2059 3778 obscurum.
2137 3711 2511 3798 Quaeritur,
2563 3715 2723 3800 quid
2770 3717 2857 3780 sit
2898 3718 3108 3802 friyit.
3182 3715 3258 3782 L.

545 3815 829 3882 Mueller
856 3816 1048 3882 huius
1077 3818 1197 3882 viri
1228 3819 1406 3883 docti
1431 3817 1715 3884 lectione
1745 3825 2009 3903 recepta
2035 3821 2104 3883 in
2134 3819 2565 3886 adnotatione
2585 3820 2891 3887 editionis
2907 3821 3256 3889 Nouianae

548 3922 800 3987 scribit:
848 3925 924 3990 de
969 3947 1130 4009 apro
1173 3925 1509 4011 interfecto
1551 3927 1664 4011 αφ’
1705 3932 1994 4012 apparet.
2049 3924 2179 4011 Qui
2224 3925 2294 3990 id
2330 3927 2785 4011 accipiendum
2815 3930 2919 4010 sit,
2965 3951 3105 3995 non
3142 3929 3257 3994 ad·-

545 4051 799 4114 sequor.
871 4029 987 4095 An
1032 4030 1318 4097 Mueller
1363 4031 1772 4117 Meleagrum
1818 4033 1919 4098 vel
1965 4033 2165 4099 alium
2215 4055 2408 4117 quem
2454 4056 2691 4119 corpus
2735 4034 3068 4102 interfecti
3114 4038 3255 4120 apri

544 4134 888 4219 fricantem
935 4137 1142 4203 facit?
1190 4138 1359 4204 Tum
1404 4143 1640 4206 occulte
1683 4142 1983 4207 abstruso
2028 4142 2104 4206 in
2146 4143 2425 4226 flumine
2470 4142 2737 4208 minime
2786 4143 3088 4227 quadrat.
3144 4143 3255 4210 Ad

541 4265 776 4329 aprum
833 4250 1132 4327 spectare
1185 4267 1444 4326 versum
1497 4269 1632 4312 non
1685 4268 1877 4332 nego,
1944 4253 2014 4312 at
2068 4269 2202 4313 non
2260 4248 2340 4313 de
2385 4246 2757 4330 interfectO,
2822 4250 2938 4315 sed
2985 4250 3065 4316 de
3112 4253 3254 4316 vivo

542 4347 792 4434 agitur!
838 4350 909 4415 Is
947 4352 1017 4416 in
1055 4352 1494 4419 remotissima
1531 4357 1797 4438 regione
1836 4355 2087 4420 occulte
2123 4355 2193 4420 in
2222 4353 2508 4420 fluminis
2537 4355 2994 4422 harundinetis
3020 4380 3255 4443 eorpus

538 4459 743 4543 fricat
783 4455 890 4542 (cf.
930 4456 1126 4541 Verg.
1177 4456 1416 4544 Georg.
1463 4460 1576 4526 HI
1621 4463 1854 4546 255s6:
1918 4463 2270 4528 Sabellicus
2320 4515 2334 4565 .
2380 4515 2395 4528 .
2438 4512 2453 4528 .
2500 4485 2615 4528 sus
2664 4515 2679 4528 .
2725 4515 2739 4529 .
2787 4464 2991 4548 fricat
3029 4455 3255 4531 arbore

755 4701 778 4740 ²
813 4703 1176 4759 ‘Festschrift
1230 4705 1272 4760 J
1274 4705 1516 4762 ohannes
1562 4708 1784 4764 Vahlen
1841 4727 1967 4764 zum
2024 4711 2110 4766 70.
2150 4709 2493 4781 Geburtstag
2546 4711 2844 4781 gewidmet
2897 4729 3006 4766 von
3062 4713 3250 4766 seinen

538 4792 838 4848 Schiilern’
877 4792 1036 4861 1900,
1072 4811 1127 4863 p.
1153 4794 1256 4848 221
1295 4813 1414 4864 sqq.
2188 4823 2195 4830 ·
