3567 5109
1439 301 1927 364 —121—

302 511 481 577 tiam
527 513 922 596 posteriores
967 519 1204 596 poetae
1253 513 1359 578 hic
1403 512 1539 577 illic
1585 511 1869 596 amplexi
1914 512 2011 576 ita
2055 510 2535 596 praeciderunt,
2582 516 2659 575 ut
2700 511 2770 575 in
2807 510 3045 593 quinta

319 623 438 683 aut
493 621 783 686 secunda
829 621 960 686 arsi
1015 620 1152 686 sola
1212 641 1358 686 eam
1403 619 1846 698 admitterent,
1910 625 2087 698 „tum
2140 623 2217 683 ut
2262 617 2763 700 subsequeretur
2816 618 3043 682 statim

317 727 599 809 repetita
645 726 948 792 enclitica
993 734 1060 792 et
1103 732 1178 790 ut
1225 747 1262 791 6
1306 727 1540 806 verbis,
1607 725 1845 810 quibus
1891 724 2172 810 cingitur
2216 723 2351 804 illa,
2420 743 2587 808 quae
2633 723 3039 806 producitur,

318 833 502 914 prius
547 853 630 898 ne
678 835 890 899 minus
937 840 1252 918 quattuor
1287 831 1578 917 exp-leret
1621 833 1843 912 moris,
1890 831 2215 915 posterius
2262 836 2695 913 anapaestum
2737 829 3047 913 impleret

299 938 421 1003 -vel
467 938 868 1021 spondeum“
893 941 960 1023 ²).
1053 941 1429 1005 Pronomen
1473 940 1582 1004 ille
1625 946 1904 1022 uterque
1951 944 2149 1021 poeta
2194 939 2310 1011 ita,
2334 937 2693 1016 dimetitur,
2739 942 2817 1001 ut
2859 937 3047 1019 prior

315 1045 570 1129 syllaba
599 1047 838 1130 longae
867 1046 1127 1131 pondus
1155 1047 1420 1125 habeat,
1453 1067 1650 1129 quam
1678 1067 2052 1111 mensuram
2080 1045 2259 1129 apud
2286 1044 2600 1110 Plautum
2629 1043 3041 1109 Terentium-

299 1173 445 1236 ,(1116
493 1154 805 1220 usitatam
851 1175 992 1220 esse
1040 1159 1302 1220 constat
1315 1154 1360 1217 ².
1409 1151 1588 1218 Ante
1627 1174 1817 1218 voces
1864 1153 2039 1218 enim
2086 1175 2126 1218 a
2170 1151 2381 1218 vocali
2424 1151 2814 1234 incipientes
2860 1151 3045 1234 prior

313 1279 573 1343 semper
618 1260 941 1342 producta
991 1266 1091 1326 est
1136 1260 1222 1344 (P
1243 1263 1348 1340 39,
1403 1263 1549 1339 131,
1597 1263 1749 1340 322,
1800 1261 1960 1340 3923
2009 1257 2193 1346 A6);
2240 1265 2313 1324 at
2354 1257 2527 1325 A67
2577 1259 2737 1343 quia
2780 1263 2896 1323 nec
2930 1279 3043 1324 vos

295 1387 430 1432 -ncc
476 1368 580 1432 {lle
621 1369 879 1453 inpane
922 1369 1241 1433 inridere't
1281 1389 1494 1433 meam
1543 1366 1685 1451 lege
1730 1365 1850 1432 illa
1896 1372 2266 1446 excusatur,
2316 1387 2449 1449 qua
2494 1386 2684 1430 voces
2730 1371 2799 1430 et
2844 1363 3041 1448 sylla·

298 1471 546 1540 -barum
571 1475 914 1541 iuncturae
946 1475 1274 1559 quaedam
1301 1474 1622 1540 iambicae
1653 1474 1895 1557 corripi
1925 1479 2249 1556 poterant.
2296 1473 2464 1538 Item
2491 1473 2657 1538 bene
2688 1471 3041 1556 quadrant,

318 1601 488 1663 quae
537 1579 824 1647 Skutsch
872 1584 962 1666 (p.
1003 1584 1086 1647 82
1137 1583 1307 1666 sqq.)
1355 1580 1435 1646 de
1483 1580 1734 1646 voculis
1781 1582 2076 1666 proinde,
2122 1581 2367 1662 demde,
2412 1581 2640 1646 exinde
2687 1599 3042 1661 earumque

316 1687 550 1753 formis
605 1709 724 1771 per
769 1711 1128 1774 syncopam
1176 1693 1337 1754 ortis
1373 1689 1598 1774 proin,
1654 1689 1825 1768 dein,
1881 1688 2037 1753 exin
2083 1687 2271 1767 eruit,
2316 1686 2487 1766 illas,
2534 1705 2672 1752 non
2718 1685 2839 1750 has
2886 1691 3041 1750 ante

315 1794 607 1860 vocalem
651 1794 944 1861 tolerari.
992 1795 1338 1860 Habemus
1382 1795 1584 1878 igitur
1629 1792 1696 1859 A
1717 1796 1847 1860 623
1885 1795 2163 1880 proinde
2206 1795 2421 1874 istaec,
2466 1799 2537 1858 at
2582 1793 2649 1856 A
2668 1795 2799 1858 309
2834 1794 3043 1878 proin

317 1908 408 1982 tn,
466 1923 563 1985 pr.
612 1905 694 1968 32
741 1905 948 1988 proin
1003 1904 1162 1968 mdc.
1239 1901 1571 1986 Sequente
1625 1901 1838 1966 vocali
1890 1901 2255 1965 invenimus
2308 1902 2534 1966 deinde
2589 1897 2659 1964 A
2678 1900 2828 1978 235,
2886 1899 3040 1977 257,

303 2029 411 2092 ·pr.
442 2013 552 2091 233
597 2013 824 2076 exinde
863 2008 1062 2075 semel
1099 2009 1166 2074 A
1189 2011 1290 2075 74.
1357 2008 1672 2076 Similiter
1709 2008 1939 2092 regula
1974 2007 2169 2087 valet,
2206 2029 2405 2091 quam
2444 2007 2525 2072 de
2564 2005 3041 2090 particularum

311 2138 486 2182 anne
541 2123 608 2181 et
667 2140 886 2183 nonne
939 2138 1061 2181 usu
1106 2115 1277 2182 Paul
1333 2115 1702 2182 Schrader³
1745 2115 2129 2199 exploravit,
2184 2121 2251 2180 et
2303 2137 2475 2180 anne
2530 2118 2598 2179 et
2640 2135 2858 2179 nonne
2903 2133 3041 2178 non

315 2220 444 2307 legi
490 2224 616 2288 nisi
661 2229 814 2290 ante
859 2223 1172 2302 vocalem,
1221 2223 1308 2288 cf.
1356 2223 1415 2288 P
1439 2225 1518 2289 16
1567 2245 1783 2288 nonne
1819 2224 1992 2302 hinc,
2041 2224 2166 2288 129
2204 2244 2421 2288 nonne
2457 2222 2777 2306 officium,
2822 2219 2889 2284 A
2910 2221 3041 2284 288

312 2352 530 2396 nonne
577 2333 873 2416 Ανρίυοε,
939 2337 1169 2396 contra
1214 2330 1273 2395 P
1291 2332 1375 2396 25
1423 2352 1516 2396 an
1560 2331 1709 2415 quis
1753 2335 1865 2409 cst,
1929 2331 2053 2395 149
2100 2351 2238 2395 non
2286 2335 2669 2415 tyrannum,
2731 2329 2857 2393 184
2902 2347 3043 2392 non

315 2444 406 2516 tu,
455 2437 585 2502 As
623 2459 714 2502 an
749 2445 1019 2523 sceptra,
1068 2439 1196 2503 608
1245 2459 1381 2502 non
1425 2439 1627 2518 vidcs;
1678 2437 1759 2501 de
1792 2439 1873 2501 85
1921 2458 2012 2501 an
2047 2438 2325 2520 mala(d)
2360 2442 2562 2502 aetate
2606 2433 2779 2500 infra
2825 2453 3039 2517 agam.

309 2543 500 2609 Unus
553 2544 737 2610 locus
783 2543 1108 2628 refragari
1163 2543 1420 2608 videtur
1463 2544 1522 2607 P
1543 2545 1673 2611 380
1719 2543 2161 2608 Manticalata
2203 2549 2355 2608 astu
2398 2564 2570 2607 anne
2614 2547 2843 2607 sancta
2884 2541 3043 2606 iura

311 2653 604 2717 iuranda
656 2653 903 2717 adicis?
979 2649 1112 2716 Sed
1168 2651 1276 2715 hic
1327 2649 1628 2715 Ribbeck
1681 2651 1890 2715 invita
1934 2649 2235 2714 Minerva
2291 2649 2683 2715 coniecturis
2728 2647 3043 2731 abreptus

318 2764 445 2838 est3
493 2779 647 2822 116111
691 2759 762 2823 111
798 2757 982 2823 libris
1019 2764 1234 2824 exstat
1279 2758 1819 2823 manticulatactu
1854 2779 1945 2822 an
1979 2759 2309 2822 sanctiora
2342 2757 2506 2822 dicis
2538 2757 2696 2822 iura
2728 2757 3040 2833 iuranda,

321 2865 498 2948 quod
553 2867 676 2930 etsi
732 2872 1130 2949 corruptum,
1179 2865 1312 2931 alia
1367 2871 1591 2930 tamen
1646 2864 1752 2929 via
1808 2864 2176 2929 sanandum
2231 2869 2349 2930 est.
2426 2863 2529 2928 De
2574 2862 2905 2946 particula
2948 2885 3043 2928 an

322 2970 610 3036 dubitari
655 2993 788 3037 non
834 2979 1053 3056 potest
1097 2993 1312 3056 neque
1358 2973 1845 3055 comparativus
1887 2972 2219 3037 sanctiora
2270 2970 2600 3036 tollendus
2646 2975 2763 3034 est.
2855 2968 3042 3035 'Palis

320 3078 492 3142 enim
547 3080 1024 3162 comparativus
1089 3079 1327 3144 omisso
1392 3079 1600 3144 altero
1660 3078 2173 3161 comparationis
2228 3077 2517 3143 membro
2564 3097 2711 3142 vere
2758 3075 3043 3142 Latinus

319 3191 440 3264 661,
505 3185 683 3251 velut
734 3188 916 3252 ocius
959 3187 1312 3252 sescenties
1355 3187 1453 3251 ita
1498 3190 1730 3251 exstat.
1825 3185 2057 3250 Potius
2110 3183 2277 3250 illud
2328 3191 2482 3250 astu
2528 3183 2852 3268 glossema
2893 3205 3041 3248 esse

317 3293 636 3372 existimo,
685 3294 967 3359 fortasse
1014 3291 1435 3374 inculcatum,
1495 3292 1674 3376 quod
1719 3291 1919 3376 paulo
1968 3298 2121 3358 ante
2170 3313 2316 3358 cum
2364 3291 2595 3356 eodem
2638 3290 2837 3357 verbo
2887 3312 3040 3357 con-

315 3401 612 3466 iunctum
659 3408 761 3466 est
805 3403 961 3485 (378
1010 3403 1097 3466 ad
1141 3401 1710 3466 manticulandum
1753 3407 1905 3465 astu
1942 3400 2338 3485 ayqreditur)
2386 3405 2453 3464 et
2490 3397 2855 3465 obsoletum
2900 3419 3039 3463 ver-

317 3509 474 3574 bum
517 3509 952 3574 manticulata
1004 3529 1120 3591 per
1185 3529 1254 3572 se
1307 3529 1442 3574 non
1487 3509 1651 3573 satis
1708 3506 1883 3573 clare
1931 3507 2179 3573 dictum
2224 3507 2587 3573 videbatur.
2676 3507 3041 3572 Levissima

314 3617 518 3698 igitur
563 3615 822 3680 videtur
865 3615 1238 3680 emendatio
1285 3614 1697 3696 Buecheleri,
1748 3616 1860 3700 qui
1910 3613 2259 3699 legendum
2296 3615 2668 3699 proposuit:
2712 3616 3039 3680 manticu-

319 3726 453 3788 lata
504 3745 596 3788 an
649 3724 978 3788 sanctiora
1028 3724 1186 3788 iura
1236 3724 1528 3788 iuranda
1569 3725 1795 3788 adicis,
1884 3722 2115 3805 Neque
2171 3723 2385 3788 minus
2431 3720 2731 3787 Ribbeck
2776 3722 3039 3799 erravit,

318 3852 466 3895 cum
513 3837 742 3896 contra
787 3829 990 3894 libros
1037 3830 1299 3912 scripsit
1332 3830 1425 3913 (A
1446 3833 1604 3914 439)
1651 3831 1948 3915 Rcyina„
1969 3832 2179 3896 ader-it
2224 3837 2495 3916 tempu-3,
2540 3853 2693 3894 cum
2726 3830 2862 3894 hice
2902 3835 3035 3893 tor—

315 3959 454 4020 rus,
501 3959 693 4022 quem
736 3938 997 4002 amburi
1039 3937 1233 4001 vides.
1306 3935 1484 4002 Nam
1529 3935 1909 4002 Fridericus
1958 3935 2259 4002 Schmidt
2303 3937 2611 4021 (Hermes
2656 3935 2835 4002 VIII
2882 3936 3043 4018 478)

317 4049 385 4109 61
432 4041 610 4110 Guil.
656 4042 1074 4110 Studemund
1110 4041 1314 4127 (Novi
1349 4043 1572 4108 annal.
1601 4042 1764 4127 phil.
1800 4043 2047 4110 CXIII
2079 4045 2190 4129 57)
2237 4044 2745 4109 observaverunt
2790 4041 3041 4107 formas

319 4150 610 4234 plurales
657 4151 1064 4234 pronominis
1108 4151 1214 4215 hic
1249 4150 1502 4234 syllaba
1543 4173 1635 4216 -ω
1671 4157 1905 4216 6116166
1944 4158 2209 4235 praeter
2244 4152 2611 4234 genetivum
2639 4156 2707 4215 et
2731 4155 3039 4214 neutrum

317 4279 453 4324 non
499 4257 802 4322 adhiberi
846 4258 970 4322 nisi
1013 4258 1376 4340 excipiente
1415 4257 1654 4340 vocali3
1699 4259 1768 4322 in
1806 4259 2127 4342 singulari
2164 4279 2315 4324 vero
2352 4259 2487 4323 iam
2515 4258 2755 4323 Plauto
2784 4256 3039 4321 formae

317 4366 474 4445 hice,
512 4365 716 4443 haece,
763 4363 1009 4428 similes
1046 4363 1244 4447 plane
1279 4365 1546 4448 ignotae
1585 4370 1757 4444 sunt,
1800 4386 1929 4448 quo
1968 4367 2177 4448 magis
2204 4364 2413 4431 Accio
2452 4386 2570 4448 per
2598 4365 3039 4430 coniecturam

318 4494 464 4538 eam
510 4471 798 4536 tribuere
847 4469 1076 4536 dubito
1136 4475 1202 4535 et
1248 4470 1594 4555 quodlibet
1638 4470 1822 4536 aliud
1878 4472 2237 4538 remedium
2282 4471 2618 4556 praefer03
2686 4471 3039 4555 promptis-

535 4646 555 4681 ¹
593 4647 658 4700 L.
697 4647 958 4716 Mueller,
997 4647 1081 4701 De
1117 4665 1177 4701 re
1215 4647 1482 4703 metrica²
1517 4667 1570 4718 p.
1604 4649 1726 4703 392.

533 4735 556 4770 ²
592 4735 684 4790 Fr.
724 4735 986 4804 Skutsch,
1025 4735 1450 4807 ‘Forschungen
1487 4756 1583 4791 zur
1619 4738 1718 4792 lat.
1748 4737 2101 4793 Grammatik
2138 4739 2253 4793 und
2292 4739 2545 4809 Metrik’,
2583 4757 2636 4808 p.
2666 4740 2753 4794 97.

533 4823 556 4859 ³
591 4826 737 4878 Diss.
774 4826 911 4895 phil.
948 4826 1309 4895 Argentorat.
1346 4825 1500 4880 VIII
1535 4827 1660 4882 296.
