3567 5109
1730 310 2217 374 —176—

602 532 964 608 coepturus
1018 523 1312 589 nondum
1367 523 1463 588 ita
1518 543 1666 587 eum
1713 523 2149 604 compositum
2199 521 2417 600 habet,
2462 527 2539 586 ut
2580 522 2731 600 iam,
2778 519 3361 606 quemadmodum

617 632 981 710 claudatur,
1039 632 1220 696 sciat.
1268 668 1350 677 —
1398 629 1879 694 Adverbium
1941 628 2483 712 pronominale
2538 627 2797 693 relativi
2851 626 3077 692 locum
3136 633 3357 690 tenet:

615 740 822 805 P225
869 740 991 804 ubi
1025 760 1100 804 ea
1135 741 1268 804 est?
1317 739 1490 822 quod
1523 739 1637 819 (ει-
1676 739 1836 821 quo)
1881 739 2257 821 receptast?,
2307 758 2437 820 qua
2475 735 2763 801 dictione
2810 755 2948 800 rem
2988 733 3217 816 magis
3258 735 3359 796 in-

617 853 864 912 certam
911 867 1052 911 esse
1097 865 1457 923 monemur,
1519 865 1720 928 quam
1765 844 1823 908 si
1869 845 2409 928 interrogaretur:
2476 843 2658 927 apud
2700 863 2891 926 quem
2936 843 3079 908 est?
3128 863 3177 905 a
3228 863 3359 924 quo

612 957 964 1038 recepta-st?
1014 951 1114 1019 Of.
1152 951 1302 1017 Ter.
1336 951 1600 1016 Phorm.
1642 953 1799 1016 728:
1850 949 2026 1026 Quid
2048 953 2282 1034 aqam?
2330 971 2522 1033 quem
2558 950 2656 1014 mi
2678 951 2971 1014 amicum
3000 949 3353 1012 inveniam

613 1059 901 1126 misera?
963 1067 1084 1124 aut
1125 1081 1252 1144 quo
1296 1059 1570 1124 consilto
1613 1059 1767 1122 haec
1809 1057 2135 1140 referam?
2200 1055 2670 1139 Interrogativi
2725 1054 3019 1120 adverbii
3070 1075 3355 1118 munere

616 1174 919 1233 neutrum
957 1166 1126 1249 plur.
1154 1167 1314 1251 quia
1351 1172 1614 1229 auctum
1651 1161 1979 1247 particula
2012 1185 2172 1228 nam
2210 1162 2532 1245 fungitur:
2570 1159 2781 1228 A583
2822 1161 2937 1228 Sol
2966 1213 2981 1227 .
3018 1214 3032 1227 .
3073 1215 3088 1227 .
3124 1183 3237 1246 qu
3250 1163 3355 1224 ia-

614 1297 794 1340 nam
849 1281 984 1338 tam
1035 1275 1302 1338 adverso
1355 1273 1636 1356 auyurio
1675 1323 1690 1337 .
1737 1323 1750 1336 .
1798 1271 2025 1336 Thebis
2066 1322 2079 1334 .
2128 1322 2140 1335 .
2192 1271 2415 1334 lumen
2468 1275 2751 1334 ostentas
2804 1271 3037 1334 tuum?
3130 1267 3353 1352 Quem

615 1403 806 1446 usum
859 1379 1170 1462 Naevius,
1223 1379 1503 1457 Ennius,
1537 1367 1928 1456 Lucretius,
1985 1375 2319 1459 Vergilius
2373 1380 2638 1455 norunt,
2704 1377 3017 1459 ignorant
3070 1374 3351 1452 comici;

617 1487 1014 1553 sublimioris
1059 1507 1216 1570 ergo
1262 1483 1398 1550 stili
1445 1485 1748 1568 proprius
1796 1489 1939 1550 erat
1954 1485 1993 1548 ¹.
3306 1555 3319 1566 ο

828 1594 922 1658 Et
967 1591 1265 1659 Graecos
1311 1598 1378 1658 et
1413 1593 1756 1658 Romanos
1802 1589 2194 1656 cumulata
2231 1591 2625 1674 pronomina
2662 1588 3006 1654 adamasse
3044 1589 3187 1653 iam
3226 1587 3347 1652 du·

617 1702 772 1766 dum
819 1701 1234 1766 observatum
1277 1705 1399 1765 est.
1443 1698 1845 1763 Immodicas
1888 1706 1967 1764 ut
2009 1697 2080 1762 in
2126 1697 2293 1776 aliis,
2342 1696 2438 1761 sic
2484 1697 2553 1760 in
2598 1696 2723 1762 hac
2768 1717 2839 1760 re
2884 1695 3149 1760 Ennius
3197 1694 3349 1770 fuit,

617 1815 937 1893 qnantum
983 1829 1064 1871 ex
1109 1812 1422 1889 corrupto
1469 1827 1527 1872 v.
1557 1808 1685 1871 400
1732 1805 1871 1887 (Tr.
1906 1802 2155 1888 Ribb.):
2214 1805 2546 1888 Quiquam
2588 1803 2941 1888 quisquam
2983 1803 3345 1887 quiequam

616 1937 1012 2000 qumquam
1039 1915 1321 1999 quidque
1347 1914 1688 1978 conveniat
1711 1915 1933 1997 neyet?
1951 1913 1977 1952 ²
2014 1912 2329 1994 cognosci
2357 1917 2594 1994 potest.
2641 1909 2965 1975 Pacuvius
2993 1915 3063 1973 et
3092 1909 3347 1973 Accius

617 2022 885 2087 modum
939 2026 1317 2101 tenuerunt3
1385 2026 1772 2085 coacervata
1827 2018 2005 2103 apud
2060 2039 2171 2083 eos
2227 2025 2382 2083 sunt
2434 2018 2857 2101 pronomina:
2931 2016 3097 2082 P39
3146 2017 3342 2080 illum

617 2151 877 2213 eumpse
924 2129 1221 2212 lapidem,
1276 2128 1397 2213 qui
1436 2127 1586 2212 ipsa
1629 2128 1760 2191 icta
1806 2132 1916 2209 est,
1962 2127 2147 2211 petit,
2209 2126 2292 2190 63
2338 2125 2401 2190 is
2445 2130 2828 2207 vestrorum,
2882 2127 3031 2188 uter
3074 2123 3188 2204 sit,
3234 2123 3349 2186 eui

615 2237 880 2322 siynum
924 2237 1155 2300 datum
1195 2241 1306 2316 est,
1353 2241 1524 2314 cette,
1574 2232 1684 2297 ubi
1729 2235 1873 2298 utri
1914 2239 2203 2298 vestrum
2246 2234 2513 2316 siynum
2548 2233 2779 2295 datztm
2814 2232 2949 2294 est?
2998 2229 3165 2294 satis
3204 2228 3345 2306 fuit,

615 2341 824 2408 A372
868 2348 1002 2408 tute
1035 2342 1174 2427 epse
1212 2343 1314 2407 ted
1347 2341 1636 2426 offirma,
1677 2341 1801 2406 301
1837 2361 2055 2405 meum
2091 2340 2266 2405 hunc
2294 2360 2623 2424 pavorem,
2662 2338 2791 2401 455
2820 2358 2985 2421 quae
3012 2337 3345 2400 vastitudo

615 2452 786 2532 haee,
827 2450 957 2514 556
985 2450 1136 2514 haec
1167 2449 1510 2513 metr-indo
1535 2469 1697 2529 mea,
1739 2448 1866 2512 607
1896 2468 2016 2511 suo
2042 2447 2174 2511 sibi
2204 2497 2216 2512 .
2255 2497 2267 2511 .
2301 2445 2641 2531 sanquine,
2683 2445 2811 2508 623
2839 2443 3039 2508 istaec
3070 2448 3191 2506 tua
3222 2495 3236 2507 .
3272 2497 3285 2506 .
3324 2493 3339 2507 .

619 2557 944 2623 term‘mcla.
1007 2593 1090 2604 -
1146 2555 1524 2620 Pronomen
1587 2555 2113 2638 possessivum
2178 2571 2847 2634 supervacaneum
2902 2556 3032 2615 est:
3082 2547 3263 2614 A47
3312 2571 3343 2612 e

608 2670 863 2751 pectore
900 2665 1202 2728 evolvunt
1235 2683 1372 2745 suo,
1425 2663 1548 2726 197
1587 2683 1632 2725 a
1666 2682 1846 2725 socro
1872 2661 2163 2746 possedit
2195 2680 2333 2740 suc,
2381 2660 2512 2722 452
2547 2679 2697 2724 eum
2732 2678 2891 2722 suae
2926 2657 3100 2720 vitae
3134 2657 3342 2740 finem

615 2773 756 2856 fore
821 2770 1160 2853 Meleafflv.
1257 2767 1508 2834 Contra
1573 2787 1652 2832 ex
1714 2769 1933 2851 priore
2003 2765 2389 2849 pronomine
2466 2763 2743 2830 alterum
2806 2760 3341 2828 subaudiendum

617 2885 747 2944 est:
832 2875 890 2940 P
909 2877 1159 2958 259160
1209 2875 1306 2939 Pu
1349 2895 1600 2959 quoque
1661 2874 1899 2957 Ulixes,
1964 2893 2367 2958 quamquam
2404 2872 2691 2956 yraviter
2734 2871 3069 2936 cemimus
3112 2870 3337 2949 ictum,

619 2982 689 3049 A
711 2985 839 3048 193
876 2982 1067 3048 euius
1102 2981 1194 3046 sit
1225 2982 1362 3046 vita
1397 2981 1737 3064 indecoris}
1783 2987 2057 3046 mortem
2090 2980 2314 3063 fuyere
2352 2984 2611 3062 turpem
2644 2978 2808 3044 haut
2840 2976 3159 3058 convenit,
3210 2976 3332 3038 451

615 3113 768 3156 eum
815 3111 970 3154 suae
1020 3091 1184 3154 vitae
1227 3089 1434 3174 finem
1475 3109 1553 3153 ac
1597 3088 2101 3153 intemoeeimwm
2143 3087 2283 3170 fore
2325 3138 2337 3150 .
2384 3137 2397 3150 .
2445 3137 2458 3150 .

831 3194 1457 3264 Collocationem
1507 3201 1579 3260 ut
1623 3195 1907 3279 denique
1952 3201 2242 3276 tangam,
2293 3192 2378 3257 ab
2422 3191 2688 3271 usitata,
2737 3189 2949 3274 qualis
2996 3195 3127 3253 est:
3174 3188 3335 3253 1²58

627 3305 802 3382 Quid
843 3305 1014 3368 istuc
1057 3307 1212 3385 est&
1261 3304 1386 3368 221
1429 3323 1584 3387 ques
1619 3308 1781 3367 sunt
1820 3303 1945 3383 is&
1994 3303 2124 3368 239
2172 3300 2335 3378 Quis
2382 3305 2455 3364 tu
2498 3301 2627 3380 es?,
2673 3296 3019 3361 recedunt:
3066 3295 3233 3361 P63
3278 3296 3339 3358 is

613 3417 980 3476 vestrorum
1031 3416 1178 3474 uter
1229 3412 1336 3492 sit,
1387 3411 1511 3474 148
1565 3411 1632 3474 Is
1683 3410 1834 3494 quis
1888 3411 2042 3490 est?,
2098 3407 2170 3472 id
2218 3405 2395 3490 quod
2450 3403 2537 3470 ad
2580 3403 2783 3470 animi
2828 3403 3335 3468 commotionem

620 3516 1134 3600 colloquentium
1181 3515 1600 3580 referendum
1647 3514 1801 3580 est⁸.
1850 3514 2101 3581 Contra
2149 3512 2208 3577 P
2227 3516 2307 3578 41
2370 3512 2533 3590 Quis
2567 3516 2755 3592 vetat,
2791 3511 2912 3594 qui
2944 3531 3029 3574 ne
3063 3511 3331 3574 attolat?

616 3646 754 3690 non
801 3631 1032 3707 poetae
1082 3623 1369 3688 dandum
1408 3629 1525 3701 est,
1575 3621 1690 3686 sed
1729 3643 1770 3686 a
1797 3620 2159 3686 Ribbeckio
2198 3625 2419 3702 spreta
2456 3617 2755 3683 codicum
2792 3615 3077 3682 lectione
3103 3617 3333 3702 quis-ne

615 3730 1064 3796 introductum
1109 3737 1225 3794 est.
1275 3727 1480 3796 Cuius
1527 3728 1964 3812 patrocinium
2000 3726 2265 3795 Vahlen
2312 3727 2406 3809 (in
2443 3724 2579 3790 ind.
2606 3723 2755 3788 lect.
2797 3745 2852 3788 a.
2886 3724 3080 3802 1903,
3128 3744 3191 3805 p.
3224 3725 3330 3804 11)

617 3845 806 3903 acute
855 3838 1057 3922 gessit
1101 3837 1314 3902 verbis
1359 3837 1455 3902 ita
1503 3835 1875 3900 disiunctis:
1934 3835 2097 3913 Quis
2142 3839 2328 3916 vetat,
2375 3833 2543 3917 qui-3,
2588 3853 2671 3898 ‘tw
2714 3831 2983 3896 attolat?

1709 4067 1777 4132 4.
1825 4066 1931 4133 De
1976 4065 2240 4134 verbis,

829 4229 1046 4294 Multa
1092 4229 1172 4294 de
1219 4228 1432 4294 verbis
1459 4226 1699 4292 Holtze
1747 4249 1807 4310 p.
1846 4229 2109 4292 38-56
2159 4225 2504 4308 congessit,
2549 4223 2660 4307 qui
2696 4222 2850 4288 huic
2888 4222 3091 4305 capiti
3126 4227 3329 4288 totam

615 4337 647 4401 f
649 4357 756 4402 ere
806 4336 1327 4400 enuntiationum
1365 4333 1666 4420 syntaxin
1703 4333 2076 4412 inculcavit,
2125 4332 2239 4397 sed
2280 4353 2425 4396 cum
2462 4331 2801 4395 tritissima
2836 4327 3146 4408 adferret,
3186 4350 3326 4412 gra-

833 4550 853 4586 2
888 4547 1206 4616 Reichard.,
1241 4547 1323 4602 De
1366 4547 1425 4612 Q.
1465 4545 1650 4600 Ennii
1689 4545 1989 4601 annalibus
2024 4545 2095 4612 (N
2100 4563 2187 4599 ov.
2225 4563 2354 4598 ann.
2390 4543 2527 4612 phil.
2565 4540 2868 4597 CXXXIX
2907 4542 3050 4609 120).

831 4639 853 4676 ²
889 4639 1110 4692 Vahlen
1126 4637 1148 4674 ²
1181 4639 1286 4692 422
1325 4639 1406 4691 ita
1441 4636 1661 4690 scribit:
1709 4635 2019 4704 Quicquam
2052 4634 2347 4704 quisquam
2385 4632 2771 4704 [quanquam]
2808 4647 3071 4700 quemquo
3104 4629 3326 4699 quisque

617 4731 918 4796 conveniat,
953 4733 1118 4796 neyet.

833 4816 856 4851 ³
889 4815 1106 4870 Hauler
1145 4814 1217 4868 ad
1252 4814 1479 4868 Phorm.
1518 4831 1568 4869 v.
1599 4813 1721 4867 215.

3519 3745 3525 3782 l
