3567 5109
1556 318 1619 327 —
1726 282 2026 344 198-

849 472 994 536 hinc
1040 480 1228 557 atque
1276 472 1423 536 inde
1460 482 1696 558 patens
1740 496 1816 535 ac
1879 473 2053 537 nuda
2093 496 2299 559 paene
2346 474 2644 539 cathedra

849 587 907 639 et
950 578 1220 642 ‘incultum
1264 578 1545 664 referens
1588 578 1664 641 de
1710 576 2088 643 Maecenate
2131 583 2382 667 sapim,

856 684 1139 769 siqnator
1165 682 1358 771 falsi,
1405 684 1519 768 qui
1558 706 1623 747 ae
1670 682 1920 747 lautum
1963 695 2154 773 atque
2197 686 2446 749 beatum

850 788 1098 873 emiquis
1140 788 1379 853 tabulis
1422 796 1481 853 et
1522 810 1765 875 yemma
1793 790 2037 877 fecerit
2080 788 2256 853 uda?

854 895 1203 957 occurrit
1245 903 1547 959 matrona
1580 904 1824 978 potens,
1873 917 2034 983 quae
2087 893 2272 958 molle
2323 893 2632 959 Calenum
2679 916 2732 961 e.
2781 919 2842 980 q.
2892 920 2942 963 s.

648 1018 912 1083 Deinde
974 1019 1218 1099 primis
1292 1022 1791 1102 imperatorum
1857 1021 2292 1101 temporibus
2356 1028 2600 1101 poetas
2673 1031 2744 1085 et
2815 1025 3156 1088 orationis

438 1125 707 1187 solutae
754 1126 1131 1204 scriptores
1181 1126 1385 1188 nimis
1434 1125 1936 1189 sententiarum
1987 1132 2306 1188 ornatum
2356 1126 2653 1190 coluisse
2701 1131 2857 1207 quis
2887 1132 3154 1195 nescit?

436 1230 661 1308 Atque
709 1235 979 1291 tantum
1021 1230 1232 1305 abest,
1281 1235 1353 1291 ut
1400 1230 1874 1303 Quintilianus
1907 1230 2090 1293 hunc
2128 1232 2703 1311 morem¹probet‚
2741 1240 2814 1296 ut
2847 1233 2917 1296 in
2951 1235 3158 1299 huius

441 1334 717 1413 generis
784 1334 1169 1415 scriptores
1236 1352 1571 1415 persaepe
1636 1318 2015 1411 invehatur,
2065 1336 2280 1398 veluti
2341 1336 2510 1399 Inst.
2579 1354 2674 1400 or.
2732 1338 2827 1399 IV
2887 1345 2940 1415 1,
2988 1339 3156 1416 77.¹)

440 1438 620 1509 Quid
669 1438 818 1517 ipse
868 1439 952 1501 de
1000 1439 1361 1502 sententiis
1395 1440 1809 1503 adhibendis
1853 1440 2288 1519 cogitaverit,
2338 1447 2630 1521 apparet
2675 1460 2761 1505 ex
2807 1444 2931 1519 eis,
2979 1462 3158 1524 quae

440 1543 607 1605 dicit
660 1543 823 1606 VIII
874 1552 928 1618 5,
998 1550 1110 1606 34:
1163 1540 1295 1628 Eyo
1343 1564 1485 1604 vero
1530 1542 1683 1605 haec
1732 1540 1974 1605 lumina
2021 1544 2333 1606 orationis
2383 1540 2555 1607 velut
2601 1542 2814 1607 oculos
2861 1546 3159 1633 quosdam

438 1666 564 1706 esse
611 1644 1007 1733 eloquentiae
1052 1645 1253 1711 crede.
1314 1646 1463 1710 Sed
1524 1668 1761 1735 neque
1815 1646 2076 1710 oculos
2123 1670 2287 1710 esse
2332 1656 2478 1711 toto
2523 1650 2846 1733 corpore
2901 1649 3156 1729 -ϊείῖιη,

438 1770 515 1811 ne
564 1758 767 1811 cetera
812 1750 1085 1813 membra
1133 1751 1417 1837 affici-am
1446 1772 1633 1814 auum
1668 1750 1971 1835 perdant,
2017 1759 2075 1812 et
2118 1750 2179 1815 si
2223 1773 2464 1815 necesse
2509 1752 2610 1831 ait,
2659 1762 2924 1816 veterem.
2975 1753 3152 1817 illu-m

440 1854 759 1917 horrorem
803 1854 1068 1919 dicendi
1116 1856 1333 1920 malim
1386 1878 1578 1945 quam
1623 1858 1816 1919 ‘istam
1861 1876 2081 1918 novam
2135 1855 2474 1921 licentiam.
2522 1854 2650 1920 Sed
2699 1866 2882 1943 patet
2947 1857 3155 1921 media

441 1958 751 2045 quaedam
795 1961 927 2039 via,
972 1961 1134 2023 sicut
1182 1962 1248 2024 in
1297 1958 1469 2024 cultu
1512 1962 1806 2048 victuque
1850 1960 2112 2023 accessit
2141 1960 2388 2048 aliquis
2419 1962 2587 2023 citra
2615 1960 3156 2046 reprehensionem

442 2062 629 2129 nitor.
654 2067 881 2145 Atque
910 2066 1309 2131 Iuvenalem
1341 2067 1502 2130 huic
1535 2066 1944 2139 Quintiliani
1977 2068 2116 2146 legi
2150 2068 2748 2147 obtemperantem
2781 2072 3159 2133 sententias

442 2170 843 2234 adhibuisse
896 2178 1135 2235 monet
1182 2171 1739 2249 Friedlaender2)
1805 2172 1994 2235 Haec
2042 2190 2321 2252 quoque
2386 2190 2516 2251 res,
2583 2190 2736 2235 cum
2805 2174 2916 2237 alii
2965 2174 3156 2237 illius

445 2276 684 2337 aetatis
718 2276 1099 2355 scriptores
1148 2278 1353 2339 aliter
1399 2274 1527 2339 hac
1576 2277 1660 2339 de
1706 2295 1783 2339 re
1831 2270 2291 2357 cogitarerint
2337 2283 2403 2339 et
2449 2280 2720 2357 egerint
2766 2298 2898 2359 pro
2947 2279 3157 2342 docu-

444 2387 677 2443 mento
712 2398 862 2443 esse
893 2387 1124 2461 potest
1154 2380 1552 2445 Iuvenalem
1584 2388 1954 2461 praecepta
2000 2380 2406 2453 Quintiliani
2440 2388 2750 2445 secutum
2801 2402 2971 2447 esse.

650 2486 832 2548 Haec
878 2490 1008 2551 iam
1056 2492 1233 2563 sunt,
1301 2506 1470 2566 quae
1518 2504 1600 2548 ex
1651 2488 1906 2549 saturis
1963 2486 2134 2566 ipsis
2181 2487 2267 2549 ad
2313 2490 2670 2564 rationem,
2735 2506 2906 2567 quae
2970 2490 3156 2552 inter

445 2589 944 2662 Quintilianum
1019 2600 1088 2655 et
1160 2576 1551 2655 Iuvenalem
1625 2590 2010 2663 intercedit,
2089 2592 2644 2671 cognoscendam
2720 2596 2872 2673 capi
2945 2596 3154 2673 posse

444 2702 634 2775 puto.
712 2694 1140 2778 Quamquam
1206 2698 1421 2777 igitur
1487 2704 1970 2777 argumentum
2047 2698 2249 2777 plane
2336 2704 2597 2759 certum
2682 2697 2892 2774 deest,
2971 2718 3154 2763 com·
3249 2712 3253 2715 ·

444 2802 645 2880 plura
710 2809 935 2865 tamen
1002 2820 1153 2865 esse
1218 2802 1475 2865 indicia
1507 2803 1841 2877 videmuS,
1908 2802 2159 2881 quibus
2226 2808 2302 2863 ut
2366 2801 2755 2865 Iuvenalem
2820 2801 2892 2866 in
2944 2804 3155 2876 Quin-

445 2907 665 2969 tiliani
712 2908 1214 2988 discipulorum
1279 2926 1570 2970 numero
1625 2925 1985 2988 ponamuS,
2032 2907 2185 2969 iure
2234 2908 2532 2987 quodam
2583 2926 3156 2971 commoveamur.

446 3012 536 3073 At
608 3014 741 3075 iam
807 3016 1028 3076 oritur
1096 3016 1425 3095 quaesti0‚
1493 3018 1727 3075 utrum
1786 3012 2152 3087 Iuvenalis,
2221 3013 2405 3093 quod
2461 3013 2691 3087 multa,
2743 3031 2916 3091 quae
2969 3016 3156 3093 apud

446 3118 940 3189 Quintilianum
1017 3120 1281 3199 scripta
1354 3120 1634 3199 legerat,
1719 3122 1789 3179 in
1869 3136 2070 3179 suum
2139 3134 2340 3180 usum
2423 3116 2890 3193 transtulerat,
2982 3120 3156 3182 hanc

447 3223 662 3284 solam
729 3222 819 3284 ob
871 3242 1142 3286 causam
1197 3224 1574 3303 discipulus
1626 3220 2034 3293 Quintiliani
2085 3219 2532 3301 appellandus
2584 3220 2672 3283 sit
2736 3239 2820 3281 an
2869 3226 3146 3283 exstent

446 3335 868 3405 argumenta,
915 3329 1167 3409 quibus
1224 3330 1354 3390 nisi
1403 3328 1802 3390 Iuvenalem
1858 3324 2358 3396 Quintilianum
2423 3326 2650 3405 ipsum
2699 3326 3042 3389 audivisse
3089 3336 3158 3390 et

448 3451 481 3493 e
516 3430 917 3503 Quintiliani
963 3434 1127 3496 ludo
1174 3433 1569 3513 profectum
1620 3451 1771 3494 esse
1814 3430 2161 3512 possimus
2209 3430 2582 3493 affirmare.
2630 3430 2816 3502 Quae
2866 3437 2939 3492 ut
2985 3430 3157 3493 diiu-

445 3536 769 3613 dicemus,
818 3540 1169 3619 quomodo
1220 3538 1681 3603 iustitutionis
1750 3537 2097 3599 oratoriae
2144 3535 2311 3597 libri
2371 3534 2776 3607 Quintiliani
2824 3539 2959 3598 orti
3005 3539 3160 3611 sint,

446 3647 874 3721 reputemus.

653 3747 1114 3819 Quintilianus
1196 3751 1411 3828 igitur
1484 3753 1559 3821 in,
1621 3746 1916 3828 epistula
1983 3745 2068 3808 ad
2135 3747 2580 3827 Tryphonem
2660 3748 2854 3809 dicit:
2933 3742 3162 3831 quibus

445 3848 911 3932 componenti-ia,
984 3862 1054 3913 ut
1113 3852 1255 3926 acia,
1320 3850 1529 3935 paulo
1594 3849 1756 3935 plus
1819 3871 2010 3932 quam
2083 3848 2400 3911 biennium
2467 3856 2556 3911 tot
2609 3846 2855 3935 alioqui
2899 3848 3162 3931 neyotiia

444 3952 767 4019 districtus
813 3955 1122 4039 impendi:
1169 3956 1337 4043 quod
1381 3966 1620 4039 tempus
1660 3976 1784 4016 non
1835 3961 1962 4016 tam
1995 3951 2160 4015 'stilo
2207 3975 2395 4039 quam
2431 3952 2837 4040 inquisitioni
2883 3954 3162 4018 instituti

445 4060 653 4143 operis
685 4082 897 4145 prope
940 4060 1181 4147 infiniti-
1208 4069 1266 4122 et
1298 4059 1573 4147 legend-ia
1617 4057 2004 4135 avectam-ibus,
2051 4060 2165 4144 qui
2199 4068 2348 4119 sunt
2379 4055 2891 4137 innumerabiles,
2940 4057 3157 4120 datum

443 4172 556 4227 est.
602 4168 770 4230 Ideo
819 4170 937 4247 qui
982 4167 1482 4240 Quintilianum
1530 4186 1603 4230 se
1650 4167 1868 4231 libros
1900 4166 2364 4229 Institutionis
2415 4167 2752 4228 oratoriae
2799 4184 2928 4247 per
2976 4165 3156 4228 duos

445 4272 590 4335 fere
623 4291 840 4337 annos
875 4276 1373 4355 conscripsisse
1405 4274 1641 4337 testari
1662 4270 2146 4347 considerabit,
2178 4273 2370 4334 illum
2403 4272 2571 4334 artis
2602 4270 2986 4334 rhetoricae
3017 4288 3158 4331 ma-

444 4382 741 4456 gistrum
787 4378 921 4442 hoc
968 4385 1237 4442 tantum
1286 4398 1461 4460 opus
1509 4396 1585 4441 ea
1634 4378 1719 4440 de
1766 4394 1971 4441 causa
2019 4380 2154 4439 tam
2205 4374 2399 4439 brevi
2446 4381 2760 4456 tempore
2809 4373 3159 4439 conficere

443 4487 751 4562 potuisse
784 4485 1134 4560 concedet,
1182 4485 1373 4564 quod
1405 4487 1503 4547 eis
1536 4483 1803 4557 libellis,
1853 4498 2044 4561 quos,
2091 4487 2166 4542 ut
2199 4498 2284 4542 ex
2317 4480 2416 4543 eis
2448 4482 2518 4542 in
2552 4480 2788 4543 schola
2819 4482 3158 4553 recitaret,

656 4625 693 4686 ¹)
731 4624 943 4676 Locum
981 4624 1253 4686 exscripsi
1289 4639 1344 4687 p.
1374 4626 1489 4675 182.

652 4712 693 4773 ²)
732 4712 799 4761 In
846 4712 1250 4762 commentario
1298 4726 1349 4775 p.
1398 4712 1494 4763 64:
1550 4710 1619 4762 ct.
1667 4714 1965 4774 praeterea
2009 4706 2350 4771 Sti-eitinger
2423 4706 2536 4756 Der
2579 4702 2680 4757 Stil
2735 4704 2828 4755 dec
2873 4702 3160 4754 Socii-iheu

448 4797 659 4849 Juvenal
692 4814 746 4863 p.
784 4803 851 4850 43
872 4814 992 4863 sqq.
