3567 5109
1459 283 1933 346 -145—

332 469 540 516 verbera
561 469 681 517 civis
711 470 938 520 Romani
961 487 1128 520 omnes
1159 471 1448 522 brevissime
1479 473 1626 521 movit
1734 472 1979 536 quondm.
2023 471 2223 537 It'vemit,
2259 480 2313 519 ut
2349 473 2417 520 sit
2454 474 2703 529 narratio,
2745 491 2875 538 quae
2914 475 3045 526 inter

335 554 570 618 adfectus
600 596 610 608 .
635 597 646 608 .
677 596 688 607 .
711 557 764 608 .?
1735 577 1789 608 se
1828 561 1957 608 Jocoa
1995 575 2277 608 communes
2311 561 2567 623 patiatur.
2608 579 2729 625 quos
2761 563 2913 610 ceriam
2952 564 3043 612 ad-

1723 647 1897 712 fectus
1939 663 2201 696 coeamus:
2240 649 2327 710 qui
2360 664 2462 696 non
2503 658 2647 697 erem!
2698 651 2750 698 in
2791 651 3041 707 ultimum,

1735 735 1829 782 leoe-
1886 741 1963 783 est
2012 741 2137 798 post
2194 735 2548 784 narrationem
2601 735 2893 798 differendi,
2956 739 3047 788 ned

1735 823 1861 871 haec
1910 823 2151 872 viarratio
2200 824 2497 886 yravissimi
2550 824 2776 874 cn'minia
2817 827 2927 876 erit.
2987 827 3041 876 in

1737 925 1855 974 qna,
1894 927 2004 959 cum
2060 927 2115 959 se
2158 911 2384 974 primum
2448 911 2681 976 adfectas
2752 916 3043 976 opnderint,

475 995 590 1044 115.
633 994 812 1042 &mm
848 1001 920 1042 eat
958 993 1086 1040 enim
1117 992 1368 1044 ade-ocare
1392 995 1455 1043 iia
1482 996 1628 1044 rebus
1737 998 1911 1046 atatim
1958 997 2319 1061 interponendi
2362 1007 2497 1048 sunt.
2540 1001 2713 1064 Neque
2754 1002 2884 1051 enim
2914 1019 3043 1070 poe—¹

334 1079 591 1143 adfectum
630 1079 684 1128 ι’-η
713 1080 1058 1144 perot-arimin.
1100 1098 1227 1146 quas
1264 1099 1470 1132 sec-terna
1510 1099 1629 1131 nar-
1737 1093 1857 1134 sum
1895 1084 2047 1134 simul
2092 1100 2262 1134 omnes
2300 1095 2421 1150 poet
2466 1088 2816 1136 narrationem
2872 1089 3039 1150 reddi,

333 1168 546 1217 rat-eris.
1737 1179 1794 1220 ut
1833 1180 1934 1220 est.-
1969 1169 2320 1222 ‘Praedonum
2360 1173 2467 1223 dux
2504 1190 2557 1238 q.
2596 1174 2656 1225 Β)

549 1310 786 1374 Celsus
836 1313 1048 1391 igitur
1097 1313 1182 1374 de
1217 1314 1540 1376 omnibus
1590 1313 1738 1378 fere
1789 1315 2337 1394 quaestionibuS,
2380 1333 2553 1395 quas
2586 1314 3048 1388 Quintilianus

335 1418 672 1494 tractavit,
717 1423 956 1496 egerat
1001 1424 1206 1497 atque
1249 1417 1379 1495 hic,
1427 1427 1916 1498 praeterquam
1964 1421 2155 1499 quod
2202 1421 2533 1498 quasdam
2581 1423 2731 1484 eius
2776 1429 3044 1486 senten—

335 1521 466 1582 tias
501 1521 850 1600 corrigere
885 1527 1170 1583 conatus
1219 1527 1340 1599 est,
1388 1522 1577 1584 illius
1623 1526 1881 1602 pressit
1909 1523 2227 1604 vestigia.
2284 1523 2513 1596 Quare
2554 1525 2724 1588 mihi
2756 1526 3045 1589 dubium

334 1643 477 1687 non
526 1631 648 1703 est,
706 1626 873 1704 quin
922 1624 1288 1709 Cornelius
1337 1626 1466 1690 hoc
1514 1625 1671 1690 loco
1720 1627 1919 1691 Fabii
1964 1629 2122 1690 fons
2171 1631 2500 1708 princeps
2548 1629 2779 1692 fuerit.

542 1730 735 1794 Idem
792 1731 1062 1794 conicio
1098 1731 1184 1793 de
1215 1733 1717 1812 principiorum
1750 1736 2160 1814 praeceptis.
2208 1735 2430 1796 Pauca
2479 1735 2757 1814 quidem
2806 1735 2890 1798 de
2938 1736 3047 1798 his

336 1834 591 1899 tradita
651 1841 841 1910 sunt;
911 1853 1072 1898 nam
1119 1843 1398 1916 praeter
1453 1837 1925 1917 fragmentum
1978 1845 2033 1900 8.
2104 1845 2173 1901 et
2237 1841 2488 1918 exigua
2555 1839 2669 1902 illa
2734 1839 3047 1919 frustula,

336 1957 516 2020 quae
546 1941 864 2003 Isidorus
897 1943 1220 2019 servavit,
1253 1942 1423 2004 nihil
1472 1947 1708 2008 restat.
1773 1942 1911 2006 Sed
1952 1944 2009 2004 si
2055 1944 2219 2006 haec
2254 1950 2577 2006 accurate
2610 1945 3044 2024 interpretati

335 2046 598 2108 erimus
644 2051 712 2108 et
759 2046 1064 2108 animum
1097 2047 1598 2110 attenderimus
1646 2048 1732 2110 ad
1780 2067 1953 2126 eam,
2000 2067 2205 2128 quam
2240 2047 2483 2112 Celsus
2531 2051 2601 2111 in
2644 2049 3045 2112 narratione

336 2149 796 2213 describenda
844 2158 1122 2214 secutus
1170 2160 1274 2214 est
1324 2156 1678 2229 rationem,
1725 2153 1926 2232 plura
1973 2154 2325 2233 explorari
2374 2170 2579 2233 posse
2626 2156 2899 2233 opinor.

543 2254 810 2327 Quodsi
873 2255 1341 2328 Quintilianus
1388 2257 1552 2319 dicit
1603 2257 1724 2334 (lv
1771 2263 1823 2334 1,
1872 2257 2009 2336 12):
2072 2254 2291 2340 Negat
2338 2255 2495 2318 haec
2532 2252 2869 2339 prooemia
2918 2277 3044 2318 esse

343 2355 678 2420 Cornelius
732 2355 968 2437 Celsus,
1035 2361 1323 2423 dubium
1372 2366 1497 2434 est,
1565 2367 1799 2423 utrum
1852 2378 2229 2442 pronomen
2274 2358 2432 2422 haec
2481 2361 2567 2425 ad
2615 2379 2695 2425 ea
2745 2362 3043 2442 pertine-

339 2470 426 2541 at,
484 2483 660 2544 quae
705 2466 1026 2546 proxime
1075 2466 1491 2530 antecedunt
1543 2466 1612 2546 (ξ
1671 2467 1827 2544 11.);
1880 2463 2091 2528 Etiam
2137 2462 2342 2550 partis
2387 2463 2689 2527 adversae
2734 2471 3047 2550 patronus

335 2565 510 2630 dabit
555 2565 815 2630 exordio
860 2569 1218 2647 materiam,
1265 2568 1521 2631 interim
1571 2589 1707 2632 cum
1752 2568 2002 2645 honore,
2051 2569 2113 2632 ei
2154 2567 2577 2656 eloquentiam
2621 2569 2758 2631 eius
2802 2577 2862 2632 et
2902 2591 3044 2652 ¹qra-

335 2671 492 2735 tiam
537 2693 652 2734 nos
703 2674 918 2736 timere
946 2670 1274 2758 finyendo,
1317 2682 1388 2734 ut
1449 2695 1525 2736 ea
1568 2681 1860 2758 suspecta
1903 2675 2033 2736 sint
2078 2671 2305 2754 iudici,
2349 2675 2730 2762 fecerimus,
2794 2674 3047 2736 interim

329 2799 450 2860 per
487 2776 1073 2845 contumeliam....
1107 2798 1193 2842 an
1227 2779 1310 2842 ad
1359 2781 1606 2856 omnia,
1656 2798 1836 2861 quae
1885 2782 2217 2860 leguntur
2248 2782 2319 2844 in
2353 2780 2782 2845 sectionibus
2818 2785 3045 2844 6—12.

337 2885 568 2956 Quare
634 2891 950 2947 accurate
1025 2887 1228 2948 nobis
1293 2886 1710 2966 spectandus
1765 2892 1871 2948 est
1936 2869 2257 2951 conexus.
2334 2886 2795 2959 Quintilianus
2861 2884 3045 2948 Celsi

339 2990 748 3052 sententiam
822 2989 928 3051 his
992 2989 1230 3052 verbis
1295 2989 1557 3054 refutat
1627 2990 1747 3070 (Iv
1800 2995 1852 3065 1,
1906 2991 2046 3069 12):
2106 2985 2238 3051 Sed
2300 3011 2405 3073 eqo
2470 3009 2611 3050 cum
2672 2987 3045 3050 auctoritate

335 3111 720 3153 summmum
775 3099 1104 3154 oratorum
1165 3093 1371 3175 magis
1433 3089 1645 3170 ducor,
1694 3101 1819 3154 tum
1866 3091 2181 3177 pertinere
2226 3091 2313 3154 ad
2359 3113 2616 3154 caueam
2660 3101 2811 3177 puto
2860 3091 3045 3179 quid-

339 3194 497 3282 quid
549 3193 636 3256 ad
679 3193 984 3258 dicentem
1024 3196 1317 3279 pertinet,
1369 3218 1508 3260 cum
1551 3196 1633 3258 sit
1677 3195 1999 3276 naturale,
2046 3205 2117 3259 ut
2146 3194 2391 3258 iudices
2428 3195 2529 3275 iis,
2564 3217 2717 3284 quos
2751 3194 3043 3259 libentius

334 3298 637 3378 audiunt,
699 3300 892 3365 etiam
919 3299 1202 3387 facilius
1268 3300 1540 3366 credant.
1583 3338 1668 3348 —
1701 3304 1807 3365 Ex
1857 3303 1987 3366 hac
2033 3304 2387 3366 refutandi
2442 3306 2721 3367 ratione
2768 3303 3045 3367 Celsum

337 3408 425 3471 ad
489 3425 768 3471 causam
836 3427 975 3472 non
1042 3410 1393 3488 pertinere
1440 3415 1720 3488 putasse
1788 3407 2129 3488 quidquid
2178 3408 2267 3470 ad
2314 3408 2653 3472 dicentem
2702 3409 3045 3489 pertineat

337 3516 656 3577 conicere
703 3531 1094 3593 possumus
1139 3513 1244 3576 Ad
1294 3512 1639 3576 dicentem
1689 3519 1918 3575 autem
1952 3515 2302 3592 pertinent
2336 3515 2581 3591 omnia,
2631 3532 2805 3593 quae
2838 3513 3043 3586 Quin·

337 3618 618 3682 tilianus
686 3636 724 3681 a
771 3619 811 3697 ς
861 3623 918 3680 7.
985 3618 1192 3680 huius
1255 3619 1504 3698 capitis
1567 3636 1789 3696 usque
1856 3617 1943 3680 ad
1992 3619 2030 3697 ξ
2084 3624 2178 3681 12.
2226 3617 2575 3682 disseruit.
2639 3619 2903 3681 Deinde
2968 3624 3047 3680 ut

335 3725 602 3786 iudices
650 3731 958 3786 actorem
1004 3741 1247 3786 causae
1294 3723 1623 3786 libentius
1672 3722 1977 3800 audiant,
2024 3742 2163 3785 non
2201 3724 2375 3810 adeo
2424 3725 2546 3786 hac
2592 3742 2687 3801 re,
2738 3723 2923 3802 quod
2972 3742 3046 3784 sc

335 3830 560 3910 partis
607 3827 938 3892 adversae
982 3828 1449 3907 eloquentiam
1481 3835 1550 3892 et
1579 3830 1872 3908 gratiam
1904 3829 2154 3890 timere
2198 3829 2477 3908 fingunt
2525 3833 2645 3889 aut
2691 3846 2837 3890 eam
2886 3846 3045 3890 con-

335 3933 622 3996 tumelia
657 3932 1016 4008 adficiunt,
1065 3951 1272 4012 quam
1321 3935 1642 3996 omnibus
1677 3933 1907 4008 rebuS‚
1941 3950 2116 4011 quae
2157 3937 2227 3994 in
2260 3935 2363 4008 iiS,
2401 3950 2577 4012 quae
2611 3932 3046 4010 antecedunt,

339 4037 526 4099 dicta
573 4044 754 4114 sunt,
812 4038 1136 4100 efficitur.
1188 4037 1486 4112 Accedit,
1536 4037 1724 4116 quod
1769 4035 2249 4112 QuintilianuS,
2314 4043 2683 4116 postquam
2731 4037 2813 4100 de
2863 4036 3045 4100 Celsi

335 4144 678 4206 sententia
709 4144 1056 4220 iudicavit,
1089 4147 1317 4206 statim
1352 4143 1444 4205 ad
1475 4144 1854 4205 secundam
1886 4160 2347 4221 personarum
2376 4145 2709 4204 rationem
2759 4147 3041 4203 transit:

341 4244 547 4330 ipsius
599 4253 808 4307 autem
866 4243 1205 4330 Zitiqatovis
1247 4267 1518 4332 persona
1567 4268 1626 4327 q.
1675 4267 1743 4324 5.,
1807 4251 1917 4324 ita,
1968 4253 2043 4309 ut
2109 4265 2262 4308 eum
2312 4247 2447 4308 illis
2510 4246 2743 4308 verbis
2793 4247 3043 4322 omnia,

336 4369 514 4431 quae
564 4351 648 4414 de
695 4360 930 4416 actore
977 4370 1224 4415 causae
1270 4353 1672 4432 disputavit,
1705 4352 2075 4431 complecti
2108 4351 2312 4414 dicas,
2346 4349 2586 4413 Celsus
2620 4353 2835 4429 igitur
2862 4368 3043 4412 unus

335 4462 445 4518 est
522 4474 606 4518 ex
679 4456 786 4532 iis,
864 4475 1038 4536 quos
1114 4456 1579 4529 Quintilianus
1658 4459 1723 4537 (ξ
1792 4457 1878 4536 6.)
1955 4457 2301 4535 triplicem
2368 4474 2519 4518 esse
2584 4473 3043 4534 personarum

334 4561 680 4626 rationem
755 4581 834 4622 ew
906 4558 1211 4643 Ζίίίῃαίονε
1297 4569 1354 4622 et
1429 4559 1799 4624 adversario
1874 4570 1925 4621 et
1994 4558 2202 4622 iudice
2278 4560 2654 4623 credidisse
2738 4565 3042 4621 testatur.

336 4667 532 4740 Quae
593 4671 850 4748 triplex
915 4686 1376 4748 personarum
1441 4672 1622 4731 ratio
1689 4668 1774 4730 ad
1823 4667 2385 4730 benevolentiam
2442 4667 2803 4744 prooemio
2863 4681 3041 4748 com-

336 4774 713 4855 parandam
767 4773 1133 4837 referenda
1191 4782 1323 4851 est3
1403 4792 1612 4852 quare
1677 4773 1859 4838 idem
1925 4774 2109 4836 inter
2168 4767 2473 4856 plurimos
2540 4769 2693 4832 illos
2758 4773 3043 4827 auc-tores

424 4893 773 4934 Dissertationea
797 4891 904 4936 phil.
927 4891 1114 4932 Vindob.
1139 4891 1229 4936 VII,
1252 4891 1284 4927 2.
2768 4873 2830 4922 10
