3567 5109
1649 311 2119 376 -140—

525 503 586 564 si
627 504 946 567 excitatus
991 496 1206 590 faerit
1251 502 1326 565 de
1371 501 1748 588 spectaculis
1796 511 1852 565 et
1899 511 2039 587 aget
2088 502 2491 582 ι’·ηἰαήανιιηι,
2554 501 2843 586 depulsio
2888 503 3009 564 erit
3052 523 3237 564 accu-

526 609 774 674 εαιοήε.
841 645 926 656 -
986 611 1284 675 Omnino
1334 608 1666 674 credibile
1729 615 1838 674 est
1884 609 2167 674 Celsum
2229 611 2469 673 eadem
2516 611 2833 674 attulisse
2898 609 3275 693 exempla,-

532 731 705 793 quae
737 732 900 778 sane
931 721 1094 778 sunt
1122 721 1306 796 apta;
1357 721 1728 794 utrumque
1776 715 1957 777 enim
2006 733 2147 779 non
2196 735 2233 778 a
2276 717 2501 796 prima
2545 716 3022 795 responsione,
3068 734 3241 795 quae

529 825 632 882 est
677 823 795 897 rei,
844 820 967 884 sed
1013 840 1052 883 a
1097 821 1402 884 secunda
1449 821 1750 899 demum,
1798 837 1970 900 quae
2017 827 2122 883 est
2168 823 2438 898 actoris,
2484 828 2734 884 statum
2770 821 2927 884 fieri
2960 821 3239 882 demon-

529 929 714 988 strat.
760 925 1014 988 Fabius
1061 942 1247 1004 vero,
1279 928 1338 986 si
1369 927 1543 989 hanc
1588 925 1979 1003 secundam,
2024 943 2203 1005 quae
2250 931 2355 989 est
2400 927 2667 1002 actoris,
2711 927 3238 1004 responsionem

527 1026 956 1112 depulsionem
1017 1049 1306 1111 eamque
1337 1027 1629 1115 pm‘mam
1673 1037 1893 1110 vocat,
1957 1032 2087 1094 hoc
2137 1031 2557 1095 vocabulum
2608 1033 2947 1094 sententia
2998 1031 3239 1093 latiore

535 1153 738 1214 quam
784 1135 1144 1200 Cornelius
1201 1137 1465 1216 accipit.
1517 1136 1822 1217 Uterque
1867 1141 2120 1200 statum
2166 1137 2378 1200 modo
2426 1135 2511 1200 ab
2558 1144 2979 1205 accusatore,
3028 1135 3238 1197 modo

527 1258 564 1302 a
610 1257 732 1303 reo
796 1241 957 1303 duci
1022 1244 1365 1304 existimat
1376 1263 1393 1318 ;
1462 1241 1585 1304 sed
1639 1241 1893 1306 Fabius
1956 1242 2385 1322 depulsionis
2437 1259 2699 1320 vocem,
2746 1259 2951 1322 quam
2994 1241 3239 1303 latiore

531 1346 1036 1424 significatione
1057 1349 1321 1426 accipit,
1354 1353 1432 1409 ut
1462 1347 1534 1408 id
1571 1346 1903 1424 ostendat,
1932 1350 2202 1425 retinet,
2232 1347 2470 1411 Celsus
2502 1352 2728 1410 autem
2762 1346 3239 1426 depulsionem

535 1456 877 1529 tamquam
911 1455 1135 1514 minus
1183 1458 1428 1532 aptam,
1477 1469 1560 1514 ex
1595 1470 1730 1532 qua
1775 1458 1992 1516 status
2025 1452 2415 1529 duceretur,
2459 1454 2699 1515 reiecit
2744 1458 2949 1531 atque
2980 1455 3234 1514 statum

529 1575 564 1618 a
613 1557 1097 1635 propositione
1143 1555 1618 1620 confirmanda
1665 1559 1847 1620 sumi
1891 1556 2083 1620 dixit.

731 1660 998 1724 Eodem
1061 1662 1450 1742 fragmento
1498 1660 1898 1726 Cornelium
1964 1663 2256 1726 aliorum
2318 1663 2691 1727 sententias
2754 1659 3238 1743 percensuisse

531 1765 684 1828 luce
757 1767 1008 1828 clarius
1053 1767 1466 1830 ostenditur.
1512 1766 1718 1839 Quod
1764 1772 1831 1830 et
1874 1785 2022 1831 vox·
2076 1774 2391 1851 repugnat
2435 1767 2701 1830 indicat
2745 1772 2815 1830 et
2860 1765 3050 1846 quod
3096 1781 3239 1826 non

535 1869 736 1932 dicit:
801 1877 1004 1931 status
1055 1868 1135 1931 ab
1181 1891 1251 1932 eo
1295 1869 1584 1949 sumitur,
1634 1869 1748 1957 qui
1788 1869 2283 1954 propositionem
2316 1869 2663 1952 conflmnat,
2710 1871 2834 1936 sed
2868 1870 3071 1934 simul
3102 1869 3239 1933 adi-

529 1978 656 2038 cit:
726 1995 852 2036 non
906 1995 949 2035 a
993 1973 1384 2058 depulsione,
1449 1994 1584 2057 qua
1649 1995 1736 2041 ex
1786 1995 1862 2040 re
1927 1994 2085 2041 eum
2150 1981 2523 2042 sententias
2590 1978 2882 2041 aliorum
2946 1993 3025 2039 re
3071 1992 3240 2038 vera

531 2081 912 2161 protulisse
959 2083 1124 2145 satis
1169 2089 1468 2163 apparet.
1529 2082 1704 2147 Inde
1761 2085 2030 2146 conicio
2078 2064 2376 2147 eundem
2422 2101 2563 2146 non
2610 2084 2840 2146 solum
2886 2082 3020 2143 hoc
3063 2081 3238 2155 loco,

529 2187 652 2250 sed
699 2189 902 2250 etiam
965 2189 1036 2248 in
1099 2189 1201 2263 iis,
1249 2205 1426 2266 quae
1488 2189 1672 2268 apud
1719 2188 2217 2260 Quintilianum
2264 2189 2677 2253 antecedunt
2723 2192 2790 2251 et
2832 2192 3240 2266 sequuntur,

529 2291 688 2354 huic
745 2291 1082 2371 quaedam
1127 2291 1546 2372 praebuisse.

733 2395 926 2468 Quos
991 2401 1210 2458 status
1293 2399 1606 2476 posuerit
1671 2396 2055 2476 Cornelius,
2120 2417 2203 2462 ex
2262 2398 2646 2477 fragmento
2706 2403 2760 2458 6.
2826 2397 2988 2459 satis
3062 2391 3243 2456 bene

532 2505 863 2582 cognosci
909 2507 1156 2580 potest.

1020 2663 1116 2680 —
1783 2593 1980 2640 status.

1156 2722 1228 2759 an
1266 2710 1376 2758 sit?
2354 2713 2525 2774 quale
2560 2709 2665 2760 sit?
2700 2664 2799 2684 -

642 2797 1870 2887 ‘EM-*W
2368 2833 2630 2896 qualitas.

2366 2917 2641 2946 d-

1828 2926 2360 3008 ’Ξῖ-
2644 2921 3168 3017 W

532 2950 994 3290 quantZN
2634 3199 2709 3250 1v
2748 3203 2939 3262 partes
2974 3197 3189 3260 legales

845 3311 1046 3361 meum
1085 3309 1364 3373 quaestio,
2546 3269 2794 3332 (exclusa
2830 3267 3240 3329 translatione).

735 3416 1171 3496 Quamquam
1217 3413 1681 3488 Quintilianus
1729 3411 1857 3475 VII
1908 3420 1964 3489 3,
2018 3417 2091 3472 13
2142 3412 2479 3490 quosdam
2532 3410 2921 3474 finitionem
2972 3408 3239 3471 coniec-

535 3526 728 3584 turae
793 3521 1176 3585 subiecisse
1239 3524 1547 3595 testatur,
1611 3524 1839 3581 tamen
1906 3520 2371 3580 coniecturam
2436 3523 2503 3579 et
2558 3517 2945 3579 finitionem
2994 3515 3239 3578 eodem

416 3611 422 3617 ’
530 3626 740 3688 modo
821 3625 1211 3705 quaestioni
1273 3643 1362 3684 an
1423 3621 1548 3683 sit?
1611 3623 2182 3702 subscripsimus3
2263 3620 2510 3689 Fabius
2584 3623 2765 3683 enim
2832 3639 2973 3683 non
3036 3618 3237 3682 dicit:

535 3726 756 3790 Celsus
826 3726 1170 3792 Cornelius
1234 3725 1710 3788 coniecturae
1777 3723 2042 3787 subiecit
2086 3722 2472 3810 finitionem,
2536 3726 2659 3789 sed
2694 3721 2974 3808 priori,
3018 3724 3091 3786 id
3137 3729 3243 3784 est

530 3837 737 3896 statui
779 3837 1088 3914 generali
1131 3853 1220 3894 an
1265 3831 1392 3894 sit?
1435 3834 1608 3895 Item
1655 3831 1879 3894 Iulius
1920 3830 2350 3907 Severianus,
2396 3831 2507 3894 cui
2554 3831 2829 3895 Celsum
2885 3837 3241 3894 auctorem

535 3939 750 4001 fuisse
798 3947 1085 4017 constat,
1131 3940 1343 4002 finem
1392 3954 1431 4000 a
1479 3939 1875 4000 coniectura
1922 3935 2307 4016 distinguit.

741 4043 938 4108 Unde
986 4051 1216 4108 autem
1245 4043 1580 4107 Kisselius
1597 4044 1643 4121 ¹)
1680 4041 1958 4105 Celsum
2004 4044 2199 4121 sequi
2234 4042 2652 4121 scriptorem
2700 4041 2786 4104 ad
2818 4042 3239 4105 Herennium

531 4150 821 4228 eiusque
869 4149 1260 4213 doctrinam
1307 4147 1801 4227 simpliciorem
1849 4147 2239 4210 reddidisse
2288 4147 2684 4224 coniecerit,
2732 4147 2987 4210 nescio.
3034 4147 3242 4225 Equi·

536 4255 703 4262 ——ss

747 4309 784 4369 ¹)
824 4322 877 4371 p.
922 4310 1016 4357 161
1059 4307 1197 4356 haec
1232 4303 1481 4368 scripsit:
1521 4302 1701 4354 ‘mese
1738 4303 2011 4365 meinung
2063 4302 2279 4367 (statum
2301 4301 2488 4366 faeere
2524 4317 2650 4364 eum,
2705 4305 2792 4366 qui
2838 4301 3243 4365 propositionem

535 4393 816 4457 confirmet)
867 4394 1269 4457 widerspricht
1319 4393 1420 4442 der
1469 4392 1566 4442 des
1611 4389 1825 4456 cicere,
1862 4391 2035 4440 sowie
2085 4392 2179 4440 die
2230 4391 2597 4453 Eintheilung
2633 4391 2734 4441 des
2776 4394 2945 4439 status
2982 4387 3243 4452 ,omer-alie

527 4482 585 4531 in
625 4486 654 4530 2
694 4481 911 4548 Thena,
959 4481 1019 4530 in
1058 4481 1150 4530 die
1186 4480 1366 4543 Frage
1412 4479 1558 4530 iiber
1595 4479 1702 4529 den
1741 4479 2121 4530 Thatbestand
2170 4479 2288 4529 und
2326 4477 2471 4528 iiber
2507 4479 2599 4528 die
2637 4477 2892 4536 Qualitfit
2926 4477 3241 4542 desselben,

529 4582 596 4618 zu
618 4570 815 4619 dessen
846 4573 1114 4618 ersterem
1140 4567 1332 4617 Theile
1359 4579 1422 4616 er
1441 4567 1533 4615 die
1547 4565 1723 4627 finitio
1756 4567 2005 4632 rechnet‚
2042 4567 2237 4616 dessen
2268 4567 2503 4616 zweiten
2532 4579 2595 4615 er
2614 4566 2675 4615 in
2711 4579 2797 4614 ree
2838 4564 2956 4616 und
3000 4565 3241 4624 scriptum

531 4655 770 4706 abtheilt
805 4657 910 4705 mit
943 4656 1102 4706 einer
1141 4653 1652 4716 Unterabtheilung
1687 4653 1748 4702 in
1786 4655 1820 4702 4
1856 4653 2051 4703 Theile
2088 4654 2233 4704 nach
2271 4653 2605 4704 Ausschluss
2642 4654 2743 4702 der
2780 4649 3081 4706 translatio,
3118 4650 3237 4700 sich

531 4757 604 4794 an
660 4743 754 4792 die
799 4739 896 4792 des
935 4742 1139 4792 Autors
1177 4743 1279 4790 der
1317 4741 1474 4790 Rhet.
1517 4739 1590 4789 ad
1631 4741 1987 4790 Herennium
2045 4739 2379 4806 anschliesst‚
2434 4753 2545 4790 nur
2582 4737 2713 4790 dass
2752 4739 2946 4791 Celsus
2985 4737 3238 4788 dissolbe

529 4828 916 4880 vereinfacht?
